2866 4866
115 465 120 508 i

112 509 120 592 l

563 355 729 412 ...Ἡ-

188 458 359 574 Equidem
380 479 443 550 has
466 481 556 552 inter
584 507 667 580 opes
691 485 792 582 inops
808 511 946 586 quoque
961 495 1077 568 Cicero
1093 499 1150 570 vi-

141 599 263 687 detur;
295 605 331 674 in
356 598 479 676 iisdem
508 623 645 704 semper
672 615 850 699 versatur,
881 623 915 687 et
948 627 998 690 tot
1020 617 1151 695 lumina

138 725 225 798 fumi
254 727 408 800 nonnihil
432 731 607 803 emittunt.
629 733 675 806 rit
691 735 854 833 pleraque
872 765 952 813 vero
970 744 1151 840 splendore

139 852 270 938 nitent,
288 853 492 950 Arateisque
520 861 711 952 prasertim
744 862 868 936 collata
897 871 1152 966 magnificentia

136 967 287 1073 quadam
305 973 457 1076 legentes
469 984 716 1082 perstringunt.
731 989 867 1062 Graecus
879 993 971 1063 enim
989 1019 1049 1066 sex
1066 1021 1149 1070 ver-

139 1093 235 1172 sibus
250 1111 386 1173 tantum
405 1099 587 1176 duodecim
606 1108 705 1206 signa
731 1115 907 1210 congerit,
927 1128 962 1188 et
979 1117 1039 1190 illa
1057 1121 1152 1194 nullo

139 1220 338 1296 discrimine
367 1226 528 1311 varians,
554 1227 723 1302 fastorum
756 1237 887 1308 auctori
916 1263 1021 1335 quam
1045 1256 1152 1339 poetae

140 1347 287 1420 similior
304 1351 465 1422 occurrit.

188 1474 316 1556 Quinto
332 1473 431 1546 fratri
447 1478 528 1572 qui,
555 1501 664 1574 quum
690 1482 940 1580 epigrammata
959 1487 1029 1562 duo
1054 1493 1154 1567 nohis

137 1595 293 1683 tradidit,
318 1598 389 1672 sale
412 1601 554 1696 quidem
578 1605 682 1677 attico
701 1623 877 1704 respersa,
898 1621 973 1684 tum
991 1616 1065 1711 ipsc
1081 1621 1153 1691 Zo-

137 1716 276 1790 diacum
298 1720 421 1817 viginti
440 1723 619 1810 versibus,
638 1749 707 1798 non
730 1730 805 1800 sins
821 1733 973 1827 quadem
989 1741 1154 1814 orationis

136 1841 307 1940 elegantia
326 1855 360 1915 et
378 1840 502 1917 [lorido
522 1848 634 1920 colore
654 1849 858 1948 descripsit,
878 1854 1076 1934 Ciceronem
1095 1889 1156 1961 po-

135 1969 207 2040 tius
240 1965 393 2040 conferre
423 1967 553 2042 liceret.
589 1971 650 2044 Ille
681 1971 803 2047 saltem
832 1976 918 2052 laetis
946 1985 1154 2084 imaginihus

136 2093 320 2164 materiam
347 2101 509 2178 exornat,
543 2105 577 2168 et
604 2097 749 2170 Aratum
778 2097 897 2201 longe,
928 2109 1044 2181 minus
1071 2136 1153 2185 vero

135 2217 287 2290 Tullium
304 2243 325 2289 a
341 2229 437 2317 tergo
456 2220 608 2316 reliquit.

172 2340 349 2440 Ejusdem
376 2345 511 2440 generis
542 2345 635 2442 apud
665 2348 864 2422 Ciceronem
880 2351 995 2426 locum
1015 2361 1151 2455 reperi-

133 2488 236 2554 mus,
257 2469 394 2566 agmine
410 2472 588 2583 eignorum
607 2485 745 2567 quoque
763 2473 935 2571 descripto
958 2479 1008 2576 (l)
1027 2507 1036 2554 ε

217 2696 284 2758 Νοιι
295 2714 392 2776 pauca
404 2716 422 2757 e
436 2697 511 2758 eoelo
531 2698 683 2778 depellens
693 2701 791 2776 signa,
809 2707 938 2781 repente

216 2805 358 2867 Exoritur
369 2806 499 2866 candens
510 2807 619 2868 illustri
629 2809 745 2870 lumine
760 2809 864 2884 Virgo.

216 2912 300 2976 Cedit
313 2914 394 2976 clara
404 2915 491 2976 Fides
501 2913 652 2996 Cyllenia,
667 2919 816 2992 mergitur·
824 2916 906 2980 unda

214 3021 399 3103 Delphinus3
417 3025 507 3085 simul
522 3027 673 3102 obtegitur
687 3025 812 3107 depulsa
828 3025 956 3104 Sagitta,

215 3131 314 3211 Atque
323 3130 395 3194 Avis
411 3129 450 3194 ad
460 3149 611 3197 summam
632 3135 760 3197 caudam
775 3137 945 3216 primasque
957 3137 1071 3203 recedit

216 3239 341 3314 Pinnas,
360 3245 390 3301 et
402 3260 530 3316 magnus
543 3245 656 3323 pariter
667 3245 816 3306 delebitur
831 3247 948 3307 Aninio.

215 3347 273 3410 Hic
282 3349 387 3427 Equus
399 3368 416 3410 a
431 3352 529 3428 capite
541 3356 570 3412 et
584 3351 677 3426 longa
687 3353 802 3413 cervice
816 3353 946 3416 latescit.

216 3453 346 3532 Longius
358 3457 492 3518 exoritur
502 3459 566 3537 jans
582 3461 798 3540 claroncorpore
812 3477 948 3542 serpens,

215 3564 396 3646 Crateraque
406 3572 496 3629 tenus
504 3568 586 3629 lucet
596 3570 773 3632 mortalibus
783 3569 900 3650 Hydra.

215 3675 288 3738 Inde
301 3679 389 3756 pedes
407 3677 496 3742 Canis
509 3680 638 3760 ostendit
649 3681 714 3760 jam
727 3683 920 3760 posteriores,
1074 3757 1076 3764 Ι

216 3783 256 3846 Et
268 3791 333 3866 post
346 3789 409 3866 ipse
422 3789 516 3850 trahit
531 3789 611 3850 clero
626 3805 697 3849 enm
711 3789 826 3852 lumine
839 3787 980 3870 Puppim.

217 3892 388 3972 Insequitur
405 3897 509 3958 labens
521 3914 575 3976 per
589 3897 659 3958 coeli
670 3897 785 3962 lumina
798 3897 900 3974 Navis,
933 3977 935 3982 .

174 4125 209 4194 (o
228 4126 330 4198 nuere,
343 4131 405 4187 esa.
418 4130 524 4202 reru,
537 4135 600 4188 soe.
