2836 4880
541 371 701 430 ..49-

110 505 321 601 participes,
349 513 383 574 ct
407 525 506 574 suam
538 501 695 604 gerenda
729 500 922 598 reipublice
957 503 1126 574 rationem

110 629 272 724 politicus
290 638 404 700 orator
416 628 590 724 jactitaret
606 683 615 712 ,
634 638 668 698 et
685 651 766 698 suas
777 651 952 704 ,aerumnas
981 627 1126 700 fortasse

110 751 257 850 lugeret.
273 750 497 849 Excogitandi
510 775 647 848 quoque
659 754 730 837 vis,
747 753 783 822 in
800 751 860 822 tali
872 775 910 822 re
923 753 1125 848 pracsertim,

23 901 28 912 ·
112 901 175 950 seu
205 887 312 973 poetae
346 877 507 973 superbia
534 900 709 972 praeceps,
740 900 801 948 scu
829 875 961 973 pudore
978 875 1129 971 quodam

112 1003 289 1099 scriptoris
302 1002 494 1087 refrenata,
511 1003 674 1098 utrinque
693 1001 918 1097 periclitatur.
939 1000 1130 1072 Altitudine

112 1127 318 1212 ridiculum,
345 1125 534 1224 abjectione
557 1125 734 1198 fastidium
764 1125 929 1210 offendit;
953 1149 1016 1196 nec
1045 1126 1129 1196 satis

112 1264 299 1349 utrumque
309 1253 424 1325 Cicero
436 1253 538 1342 cavit.
550 1250 664 1323 Rebus
677 1250 862 1348 aliquando
876 1251 989 1348 poesis
1000 1251 1128 1322 fastum

115 1387 311 1474 exaggerat,
326 1376 440 1448 verbis
460 1400 711 1472 nonnunquam
729 1377 920 1448 orationem
937 1375 1027 1446 infra
1041 1375 1130 1446 solu-

115 1513 188 1573 tam
205 1502 338 1574 residit.
360 1505 447 1575 Sunt
464 1505 557 1574 enim
574 1504 633 1599 qui
642 1489 795 1600 poemati
809 1505 857 1572 De
871 1506 1053 1594 temporibus
1069 1506 1132 1573 suis

115 1626 314 1700 adscribant
325 1627 473 1700 :Cedant
488 1651 598 1714 arma,
618 1639 683 1702 ete..
703 1630 789 1700 -Ο
806 1629 1031 1714 fortunatam,
1046 1641 1128 1712 etc,

116 1762 152 1822 et
179 1755 297 1823 Iovem
321 1752 420 1823 iilum
444 1777 465 1823 a
491 1777 560 1848 quo
591 1754 628 1822 in
651 1753 834 1826 concilium
852 1753 1005 1834 ‚deorum
1031 1752 1134 1826 advo-

116 1886 227 1961 cetur,
247 1887 281 1947 et
303 1878 494 1948 Minervam
511 1901 586 1972 qua
606 1887 696 1948 artes
715 1901 795 1948 eum
820 1876 960 1949 edoceat
985 1878 1050 1974 (1).
1072 1881 1134 1952 Cui

116 2002 294 2073 sententia
312 2001 494 2098 suffragari
511 2025 580 2072 non
597 2001 778 2072 audemus.
797 2004 937 2074 Poetam
954 2004 1046 2073 enim
1062 2027 1150 2100 may

110 2134 190 2224 jore
206 2128 398 2198 reverentia
415 2127 572 2212 colimus,
593 2138 627 2198 et
642 2127 789 2199 alterum
804 2151 983 2223 superesse
999 2127 1135 2200 videtur

116 2261 382 2347 argumentum,
399 2273 441 2320 ex
451 2273 520 2345 quo
531 2250 702 2321 Ciceronis
714 2251 750 2320 in
767 2252 914 2347 propriis
925 2253 1134 2324 carminibus

116 2374 298 2447 consilinm
316 2385 350 2446 at
367 2373 539 2446 scribendi
555 2374 680 2446 modus
697 2375 945 2473 intelligantur.

166 2499 343 2571 Desiderio
363 2511 480 2570 tamen
500 2509 534 2568 et
551 2498 683 2592 pudore
703 2500 806 2569 simul
825 2501 1006 2584 afficimur,
1028 2527 1135 2596 quum

118 2623 162 2696 de
173 2624 306 2719 poetico
318 2622 489 2694 Ciceronis
502 2622 640 2718 ingenio
655 2623 873 2706 summatim,
887 2621 1017 2692 indicta
1028 2645 1136 2718 prope

118 2773 243 2834 causa,
265 2749 471 2820 sententiam
489 2748 578 2818 ferre
596 2762 833 2843 properamus.
854 2750 947 2818 Tunc
965 2747 1077 2832 enim,
1097 2761 1138 2820 ut

119 2874 219 2947 nohis
228 2873 369 2970 quidem
379 2872 527 2958 videtur,
539 2873 631 2970 apud
642 2874 839 2944 Ciceronem
849 2884 957 2969 poetae
967 2884 1133 2959 mentem,

115 2999 286 3099 judicium
315 3010 350 3070 et
382 3000 524 3070 eximias
549 2999 695 3070 fortasse
725 2999 869 3070 virtutes
902 3000 1070 3094 inspicere
1103 3011 1137 3071 et

121 3125 250 3221 aquius
279 3125 448 3196 aestimare
474 3123 607 3195 licitum
622 3123 767 3208 fuisset,
789 3124 818 3194 si
841 3122 896 3194 vel
913 3125 1060 3206 Marius,
1080 3124 1135 3195 vel
1194 3161 1197 3170 =

121 3253 236 3348 ipsum
250 3249 293 3322 de
307 3250 448 3322 Cesaris
465 3247 679 3345 expeditione
696 3271 835 3320 carmen
851 3248 1024 3346 integrum
1037 3247 1136 3321 nobis

121 3373 311 3472 obtigisset.
324 3374 438 3458 Quum
456 3375 600 3445 enimin
617 3376 722 3444 Morio
742 3381 816 3472 jam
841 3375 953 3470 operis
968 3375 1042 3471 ipse
1053 3397 1134 3470 pars

121 3501 291 3596 precipua
300 3523 370 3572 non
380 3509 548 3583 versetur,
561 3499 716 3595 politicas
726 3499 817 3570 vices
828 3509 863 3570 et
873 3500 927 3571 sui
932 3498 1134 3596 jactantiam
1191 3549 1195 3556 ·

122 3620 337 3717 aliquantum
355 3619 558 3702 remittens,
581 3618 721 3691 liberius
745 3621 927 3716 exspatiari
945 3621 1078 3716 potuit,
1102 3632 1136 3692 et

123 3743 168 3815 ad
192 3745 378 3814 Homerum
391 3743 393 3746 ’
408 3743 580 3838 suspicere
611 3752 645 3812 et
675 3741 809 3837 eloquio
838 3741 996 3814 nobiliori
1026 3765 1134 3839 gran-

124 3869 276 3941 descere.
298 3867 364 3940 Sed
387 3897 402 3936 a
424 3868 467 3940 ad
488 3869 654 3940 Caesarem
673 3892 754 3964 epos
774 3893 897 3952 suave,
925 3897 940 3935 s
967 3881 1006 3940 ut
1026 3871 1134 3966 ipsius

161 4137 197 4210 (a)
218 4137 318 4196 Noliba.
334 4138 465 4196 Ciceronis
478 4153 568 4211 opera.
584 4141 642 4198 Vol.
659 4145 705 4212 to,
721 4157 748 4212 p.
764 4145 825 4198 tta.

962 4242 982 4298 t
