2836 4880
511 411 552 422 ..
574 379 614 437 45
635 409 676 422 ...

66 510 215 604 repenti
227 505 381 580 clausula
393 515 427 578 et
436 504 562 604 frigida
574 505 798 603 explicatione
810 507 988 578 circuitum
1000 506 1094 580 ducit

69 643 115 704 et
134 632 263 706 obruit.
319 728 321 733 .

130 761 259 834 Cetera
291 781 360 829 non
386 757 485 829 aliter
510 780 597 855 aegre
626 767 876 829 connectuntur
902 768 936 828 et
963 757 1096 831 hiantia

68 885 277 956 trahuntur.
301 885 432 955 Passim
457 893 658 968 occurrunt,
677 893 717 954 ut
736 883 878 955 diversa
904 882 1096 956 coalescant

71 1009 277 1093 sententia,
297 1007 369 1078 haec
382 1006 538 1105 vulgaria
554 1018 588 1078 et
605 1009 751 1105 orationi
770 1007 887 1080 sclutae
900 1007 1065 1080 similiora
1084 1034 1093 1080 z

136 1162 152 1202 r
169 1136 232 1220 Et,
250 1135 279 1205 si
299 1133 490 1206 stellarum.
516 1135 666 1205 -Nam
683 1134 835 1230 primum
860 1143 1055 1219 astrorum3
1074 1163 1090 1202 r>

74 1267 116 1328 et
131 1255 299 1328 incudem
310 1257 478 1328 circuitu:
495 1258 567 1328 «Tu
580 1279 730 1353 queque,
747 1279 855 1352 quum
868 1255 1033 1340 tumul0s3
1048 1291 1101 1309 -ι

76 1406 192 1478 quum
208 1380 337 1452 claram
353 1381 523 1477 speciem;
540 1423 588 1434 —-
607 1380 691 1476 quid
707 1403 788 1454 vero
813 1379 933 1452 Phoebi
956 1379 1033 1465 fax;
1049 1423 1097 1434 --

77 1515 143 1576 aut
160 1529 268 1601 quum
286 1504 451 1592 terribili;
469 1547 522 1582 ,-
538 1515 598 1576 aut
614 1529 723 1601 quum
745 1529 781 1576 se
800 1504 956 1602 gravide.
977 1533 993 1572 n

132 1631 192 1700 His
220 1629 384 1726 pleraque
417 1630 625 1726 respendere
659 1632 834 1702 neminem
863 1630 963 1727 fugit.
1002 1629 1099 1700 Poesi

80 1778 199 1826 sermo
220 1779 337 1826 merus
357 1754 486 1851 ubique
513 1764 664 1851 praestat.
692 1755 793 1839 Quod
821 1756 850 1826 si
876 1756 968 1826 enim
985 1754 1099 1826 verbis

80 1879 227 1976 pingere
244 1887 352 1949 certat
368 1886 483 1976 orator
504 1901 513 1947 :

251 2076 291 2137 Et
305 2077 384 2138 claro
395 2075 541 2136 tremulos
555 2076 661 2136 ardore
675 2079 818 2136 cometas.

169 2263 273 2338 Quum
288 2264 400 2325 claram
414 2265 543 2343 speciem
558 2267 696 2324 concreto
710 2263 826 2324 lumine
842 2264 915 2326 luna
935 2313 940 2326 .

168 2375 305 2450 Abdidit,
321 2379 351 2436 et
365 2374 463 2436 subito
479 2372 606 2445 stellanti
622 2378 710 2436 nocte
726 2381 883 2455 perempta
896 2381 960 2453 est3

86 2561 213 2658 saepius
230 2561 335 2630 etiam
353 2559 442 2652 inira
457 2559 606 2629 solutam
626 2560 816 2628 oraticnem
833 2557 984 2630 decidit:

173 2763 333 2841 Menteque
351 2763 451 2824 divina
464 2763 575 2824 caelum
589 2767 746 2840 terrasque
759 2764 882 2842 petessit
899 2783 907 2824 t

173 2871 249 2947 Quae
264 2875 382 2954 penitus
398 2891 500 2934 sensus
515 2874 673 2935 hominum
687 2875 822 2950 vitasque
834 2877 977 2934 retentat.

172 3034 265 3095 Nosse
278 3034 365 3108 velis,
384 3053 451 3111 quae
465 3033 524 3094 sint
538 3035 691 3106 signorum
705 3033 817 3094 insede
834 3033 953 3094 locatae.

174 3193 342 3274 Pracipites
355 3193 421 3254 coeli
436 3197 535 3273 partes
550 3193 708 3270 obitusque
721 3197 883 3272 patessens.

144 3366 215 3436 Hoc
230 3375 368 3450 autem,
386 3363 478 3460 quod
496 3364 650 3437 dicturus
665 3389 765 3450 sum,
782 3389 894 3462 neque
906 3369 1107 3463 praetermit-

94 3489 259 3574 tendum,
285 3513 398 3586 naque
421 3489 687 3584 relinquendum
715 3501 780 3562 est.
807 3491 909 3588 Apud
936 3503 1106 3564 oratorem

95 3613 183 3686 nihil
208 3615 420 3710 frequentius
438 3613 652 3699 obversatur,
680 3637 785 3710 quam
809 3616 858 3688 ita
884 3615 1018 3690 duobus
1037 3617 1109 3689 lere

98 3735 267 3808 similibus
293 3739 497 3820 sententiam
529 3736 720 3833 explicari:
744 3739 836 3834 quod
868 3736 1027 3834 quidem,
1047 3737 1108 3810 ubi

97 3861 213 3935 verbis
231 3863 477 3960 conjungendis
494 3861 705 3958 impenditur
723 3888 806 3937 cura
824 3863 972 3948 subtilis,
994 3865 1110 3937 nescia

101 3986 184 4082 quid
210 3986 346 4084 elegans
373 3997 408 4058 ct
433 3986 654 4084 magnificum
677 3989 828 4060 sermoni
852 3985 1008 4083 largitur.
1040 3985 1107 4058 Sed

1 4097 14 4122 ⁸
103 4112 193 4209 apud
210 4122 347 4210 poetam
363 4112 476 4206 verbis
495 4123 631 4189 tantum
644 4137 713 4188 non
729 4111 833 4190 rebus
852 4121 988 4210 turgere
1006 4121 1040 4186 et
1055 4133 1107 4184 re·
