2866 4866
739 446 780 459 -
800 413 841 475 9ss
864 448 898 457 -

320 571 392 620 rum
416 545 588 644 Euripidis
618 544 752 620 iambos
782 545 1013 632 transferens,
1034 548 1070 618 in
1088 545 1173 619 locis
1192 543 1342 644 paribus

320 684 391 744 tam
409 671 564 771 dactylos
580 693 685 768 quarn
700 670 871 768 spondeos
891 695 981 770 saepo
998 673 1120 769 ponit:

524 890 541 930 e
559 869 665 948 Neque
679 872 744 930 tam
759 869 910 942 terribilis,
933 873 990 930 ete.
1012 867 1064 951 (1).
1086 890 1103 928 »

368 1055 408 1126 ln
424 1052 490 1124 boc
511 1063 629 1124 autem
648 1051 723 1124 ioco
749 1075 900 1150 grecum
926 1063 1102 1125 auctorem
1127 1053 1244 1149 ipsum
1264 1071 1340 1120 non

320 1151 458 1276 oblique
479 1177 599 1250 laudat
616 1176 671 1249 bis
687 1175 825 1250 verbis:
852 1206 868 1245 ι
889 1179 1010 1274 Itaque
1025 1201 1096 1250 non
1118 1177 1194 1248 sine
1214 1175 1337 1258 eausa,

320 1328 429 1402 quum
445 1306 602 1376 Orestem
620 1302 772 1374 fabulam
801 1301 939 1376 doceret
971 1301 1172 1400 Euripides,
1205 1302 1341 1400 primos

319 1439 391 1503 tres
400 1453 520 1502 versus
533 1451 712 1500 revocasse
729 1427 855 1501 dicitur
870 1429 1050 1538 Socrates:

384 1651 401 1690 u
418 1629 524 1707 Neque
537 1634 601 1690 tam
614 1628 756 1690 terribilis
768 1628 832 1691 ulla
842 1627 932 1690 fando
943 1631 1039 1690 oratio
1049 1633 1106 1702 est,
1124 1633 1185 1689 etc.
1202 1623 1256 1708 (ἢ).
1273 1642 1292 1682 u

322 1836 422 1922 Quod
438 1837 467 1908 si
484 1836 590 1934 igitur
606 1835 672 1907 hoo
690 1847 893 1933 argumento
910 1836 974 1908 niti
989 1859 1188 1932 possumus,
1207 1831 1342 1904 certio-

320 1961 416 2034 ribus
434 1961 509 2033 aliis
538 1959 715 2045 destituti,
736 1984 852 2032 nonne
881 1959 995 2032 locum
1014 1961 1050 2031 in
1067 1957 1342 2032 controversiam

319 2087 529 2172 adductum,
548 2087 623 2183 ipso
640 2086 802 2158 Cicerone
819 2097 1074 2183 praemonente,
1092 2091 1168 2183 jam
1184 2085 1223 2155 in
1236 2084 1343 2154 Cice-

319 2211 464 2282 roniana
480 2209 667 2280 transferre
683 2205 790 2280 lieet?

368 2331 490 2402 Verbis
523 2341 639 2401 autem
666 2355 743 2426 quae
777 2328 914 2428 subjicit
947 2330 1100 2430 AEsehyli
1123 2329 1339 2427 fragmento,

322 2481 415 2528 nunc
428 2453 668 2540 attendemus,
688 2453 780 2526 unde
802 2463 914 2554 majus
935 2457 1058 2541 etiarn,
1076 2467 1116 2528 ut
1131 2453 1232 2526 nobis
1255 2453 1343 2550 qui-

322 2581 402 2654 dem
416 2579 572 2666 videtur,
589 2583 829 2653 controversia
845 2580 964 2653 lumen
981 2581 1134 2654 accedat.
1155 2581 1211 2652 Sic
1231 2577 1343 2652 audi-

322 2719 399 2782 tor:
424 2737 441 2776 ι
461 2710 616 2791 Interea,
635 2705 728 2778 unde
739 2707 797 2777 isti
813 2703 956 2778 versus?
972 2709 1049 2779 Non
1063 2707 1156 2780 enim
1171 2729 1340 2804 agnosco.

322 2833 537 2904 -Mareus:
555 2831 674 2901 Dicam
690 2828 818 2902 hercle.
839 2832 978 2918 Etenim
994 2843 1086 2905 recte
1099 2831 1264 2929 requiris
1285 2831 1343 2900 Vi-

324 2955 430 3026 desne
448 2949 624 3024 abundare
640 2976 697 3024 me
726 2951 821 3026 otio?
843 2997 892 3008 —
915 2953 1084 3028 Auditor:
1115 2953 1207 3040 Quid
1237 2949 1344 3024 tum?

326 3120 374 3131 -
386 3077 544 3148 Marcus:
563 3077 669 3148 Fuisti
690 3100 793 3171 saepe,
810 3076 931 3162 credo,
952 3103 1031 3150 cum
1050 3079 1197 3150 Athenis
1218 3100 1342 3160 esses,

326 3201 364 3272 in
380 3199 504 3272 scholis
526 3195 821 3297 philosophorum.
843 3242 891 3254 -—
915 3201 1086 3276 Auditor:
1105 3205 1196 3276 Vero
1224 3226 1267 3274 ac
1292 3197 1346 3272 li-

325 3319 447 3396 benter
465 3321 618 3419 quidem.
634 3365 682 3378 -
695 3325 853 3396 Marcus:
874 3323 1182 3400 Animadvertebas
1206 3327 1343 3424 igitur,

327 3449 391 3520 etsi
417 3457 492 3518 tum
512 3471 613 3520 nemo
640 3459 714 3520 erat
737 3445 925 3520 admodum
950 3451 1130 3548 copiosus,
1154 3461 1346 3525 verumta-

326 3595 408 3644 men
430 3594 551 3643 versus
570 3571 612 3643 ab
631 3571 686 3642 his
705 3571 885 3644 admisceri
904 3575 1063 3647 orationi.
1089 3618 1139 3630 -
1162 3574 1344 3648 Auditor:

326 3694 377 3766 Ac
394 3693 521 3766 multos
550 3693 688 3790 quidem
717 3719 739 3767 a
766 3697 928 3794 Dionysio
953 3699 1072 3772 stoico.
1100 3743 1149 3753 -
1174 3702 1345 3772 Marcus:

328 3817 435 3892 Probe
448 3819 551 3902 dieis:
572 3817 632 3890 sed
649 3820 679 3890 is
696 3821 795 3916 quasi
806 3821 945 3907 dictata,
963 3817 1058 3896 nullo
1075 3823 1227 3911 delectu,
1243 3823 1348 3898 nulla

362 4062 399 4132 (t)
417 4061 528 4120 Putscb:
544 4060 716 4132 Priscianus,
729 4062 748 4122 l.
763 4067 788 4118 ⁴.

365 4155 402 4228 tt)
419 4155 491 4228 ito,
505 4157 523 4214 l.
538 4161 562 4227 t,
576 4159 619 4216 29.
