2866 4866
750 393 909 468 -en-

332 609 484 753 AEscltpli,
501 662 673 754 Sophoclis,
689 664 850 756 Euripidis
862 665 1053 755 aliorumque
1068 665 1226 734 minorum
1243 663 1308 733 loci

639 812 660 858 o
681 789 820 860 Cicerone
842 791 987 859 conversi.

360 1038 400 1107 ln
431 1035 581 1110 secundo
607 1040 854 1111 Tusculanorum
887 1038 957 1112 duo
982 1037 1175 1135 fragmenta
1204 1037 1330 1134 magni
1427 1091 1428 1096 ,

309 1159 345 1230 in
361 1159 482 1254 primis
505 1162 693 1246 momenti,
719 1162 755 1232 in
769 1161 834 1232 hac
856 1160 979 1233 saltem
1003 1160 1251 1245 controversia,
1271 1185 1328 1232 re-

310 1282 501 1378 periuntur.
526 1283 608 1366 Quae
631 1285 749 1356 statim
769 1295 804 1356 et
827 1285 1028 1358 eorumdem
1052 1296 1231 1358 auctorum
1256 1286 1328 1358 alia

310 1408 444 1480 minora
460 1406 600 1479 laudare
618 1409 774 1481 nonnihil
791 1408 947 1506 expedit,
966 1433 1075 1506 quum
1094 1411 1170 1506 ipsa
1186 1433 1328 1506 quoque

311 1531 409 1604 nohis
422 1532 491 1602 sint
506 1543 708 1628 argumento
723 1531 851 1603 futura.
874 1534 946 1603 Hoc
964 1532 1116 1628 primum
1135 1555 1154 1602 e
1172 1530 1327 1627 quodam

311 1656 463 1754 AEschyli
487 1657 665 1729 Prometheo
685 1679 888 1730 conversum
912 1656 1004 1752 apud
1032 1648 1241 1729 Ciceronem
1261 1683 1328 1730 oc-

312 1782 444 1854 currit:
918 1790 920 1794 ’

393 1981 534 2042 Titanum
548 1980 678 2053 soboles,
695 1981 774 2040 socia
789 1981 882 2041 nostri
894 1981 1063 2054 sanguinis,

392 2087 542 2151 Generata
554 2090 644 2163 ooelo,
661 2087 800 2169 adspicite
811 2089 973 2163 religatum
989 2091 1100 2169 asperis

394 2197 597 2275 vinctumque
610 2199 702 2270 saxis,
715 2215 823 2258 navem
836 2201 886 2271 ut,
902 2198 1056 2260 horrisono
1067 2197 1159 2270 freto,

394 2304 518 2364 Noctem
537 2308 689 2383 parentes,
705 2305 802 2364 timidi
815 2305 977 2366 adnectunt
991 2309 1110 2369 navita.

395 2409 552 2472 Saturnius
566 2431 614 2473 me
629 2414 668 2473 sic
682 2412 779 2472 infixit
794 2411 919 2492 Jupiter,

393 2521 533 2600 lorisque
545 2541 659 2582 numen
674 2521 812 2582 Mulcibri
827 2523 951 2584 adscivit
963 2542 1082 2585 manus·

394 2631 456 2695 Hos
470 2632 520 2692 ille
534 2651 643 2693 cuneos
656 2631 768 2693 lubrica
782 2633 896 2694 crudeli
909 2635 1041 2695 inserens

282 2720 284 2727 ’
394 2739 532 2818 Perrupit
546 2745 644 2827 artus3
661 2759 722 2816 qua
736 2741 824 2800 miser
837 2740 958 2801 solertia

393 2848 662 2909 Transverberatus
680 2851 813 2910 castrum
829 2849 885 2909 hoc
900 2849 1059 2910 Furiarum
1073 2847 1182 2909 incolo.

394 2955 462 3016 lam
476 2957 564 3016 tertio
580 2959 628 3017 me
646 2975 765 3034 quoque
781 2955 899 3018 lunesto
913 2957 976 3031 die,

395 3065 484 3126 Tristi
498 3066 654 3140 advolatu,
672 3067 795 3127 aduncis
808 3067 944 3128 lacerans
957 3067 1125 3140 unguibus,

394 3175 474 3236 Jovis
488 3175 605 3237 satelles
617 3180 705 3254 pastu
721 3175 843 3236 dilaniat
858 3175 934 3236 fero.

395 3285 490 3359 Turn,
502 3286 601 3364 jecore
615 3287 715 3364 opimo
729 3281 853 3374 fartalet
864 3286 970 3345 satiata
983 3281 1123 3355 adfatim,

396 3393 571 3467 Clangcrem
584 3395 682 3456 tonuit
694 3397 829 3467 vastum,
845 3399 875 3454 et
888 3393 1015 3454 sublime
1029 3393 1150 3454 avolans

396 3503 524 3567 Pinnata
537 3506 632 3566 cauda
642 3509 779 3565 nostrum
792 3504 895 3565 adulat
910 3505 1098 3576 sanguinem.

396 3615 501 3692 Quum
512 3633 580 3675 vero
594 3616 716 3676 adesum
730 3613 837 3675 inllatu
848 3617 1026 3701 renovatum
1040 3617 1083 3674 est
1091 3613 1188 3692 jecur,

396 3723 475 3787 Tum
487 3739 591 3784 rursus
602 3727 692 3784 tetros
704 3723 792 3785 avida
803 3741 834 3784 se
846 3723 883 3784 ad
897 3725 998 3802 pastus
1013 3720 1116 3783 refert.

396 3833 444 3896 Sic
457 3833 537 3894 hunc
552 3831 704 3912 custodem
717 3833 816 3893 moesti
833 3831 984 3891 cruciatus
999 3830 1058 3903 alo,

395 3941 457 4016 Qui
471 3960 520 4002 me
533 3941 657 4020 perenni
670 3942 773 4001 vivum
787 3938 880 4002 ioedat
895 3940 1015 3999 miseria
1031 3962 1039 3998 ι
1085 3944 1087 3949 “

395 4049 547 4128 Namque,
566 4053 601 4110 ut
612 4048 731 4122 videtis,
749 4048 852 4110 vinclis
865 4047 1040 4108 constrictus
1051 4045 1149 4118 loris,

396 4157 505 4221 Aroere
515 4177 629 4236 nequeo
641 4157 739 4221 diram
748 4157 901 4221 volucrem
915 4175 932 4217 a
946 4159 1073 4235 pectore.
