2836 4880
597 330 759 392 ...M-.-

171 493 305 551 screns,
327 466 371 538 ad
386 465 532 537 aliorum
549 465 772 562 cogitationes
784 475 819 536 et
830 489 934 561 opera
942 466 1183 563 transmigrat,
1330 538 1332 565 ἶ

171 618 246 688 quae
263 590 365 664 modo
378 590 541 689 jacebant
567 600 602 660 ct
624 589 876 675 obruebantur,
897 589 955 662 cas
976 589 1181 674 facultates,
1236 597 1238 600 ’

170 726 209 786 ut
225 715 274 786 ita
290 713 423 799 dicam,
445 725 615 786 recreatas
636 715 780 799 excitat3
801 725 836 785 et
858 715 895 784 in
920 713 1097 786 inntandis
1124 723 1185 786 aut
1326 694 1327 698 ¹

170 838 428 924 convertendis,
449 864 525 936 quae
551 839 624 912 sola
641 850 776 935 potest,
796 864 852 912 res
876 839 1065 912 exornandi
1086 839 1185 935 copia

165 970 239 1060 jarn
251 961 463 1058 splendidior
477 961 642 1034 exuberat
659 987 668 1034 ι
689 963 808 1034 afflatu
823 961 975 1058 quodam
992 973 1133 1033 externo
1149 969 1185 1030 01

117 1116 122 1128 ·
170 1089 304 1159 animos
320 1088 491 1184 recipcre,
512 1098 546 1158 et
566 1087 651 1184 erigi
674 1099 708 1158 et
724 1085 888 1158 floridum
907 1087 1011 1157 etiam
1034 1079 1184 1158 colorem

62 1254 64 1260 ,
172 1211 297 1284 ducere
316 1213 554 1310 cupitoratio.

218 1339 287 1408 Nos
307 1349 424 1409 tamen
446 1363 516 1410 non
538 1337 626 1410 fallit
645 1337 790 1424 alteram
809 1359 946 1433 quoque
962 1357 1104 1406 causam
1122 1357 1186 1405 oc-

170 1481 325 1542 currere,
344 1482 438 1554 quae,
457 1461 569 1556 specie
587 1459 728 1556 quidem
745 1459 874 1554 prima,
896 1457 1088 1553 prasertim
1106 1455 1186 1526 effi-

169 1581 257 1664 ciat,
287 1592 327 1652 111
354 1585 494 1679 propria
518 1586 672 1656 carmina
701 1585 854 1682 fingens,
882 1583 972 1654 infra
1001 1605 1038 1654 se
1069 1583 1185 1678 ipsum

169 1718 271 1801 pocta
298 1708 415 1780 Cicero
454 1708 620 1782 succidat.
653 1711 768 1794 Quum
803 1709 895 1780 enim
923 1709 1042 1804 patria·
1081 1705 1186 1778 rebus

169 1833 358 1905 tractandis
374 1835 561 1920 incumbit,
578 1837 723 1906 materia
739 1859 846 1932 prope
868 1858 976 1918 nova,
1002 1833 1186 1929 operisque

169 1959 372 2032 instituendi
391 1961 533 2034 consilio
555 1961 728 2034 scribendi
746 1960 844 2032 labor
863 1959 1068 2058 adaugetur,
1089 1955 1187 2028 mul-

169 2084 345 2182 tiplicique
357 2111 440 2158 cura
451 2098 486 2158 et
498 2087 613 2160 studio
631 2086 836 2158 distrahitur
853 2096 983 2156 auctor.
1003 2082 1138 2168 Quibus
1151 2105 1189 2154 se

172 2209 433 2281 difficultatibus
455 2211 592 2307 expedit
608 2213 792 2307 interpres
812 2213 872 2306 qui
895 2211 985 2282 circa
1002 2208 1190 2281 verborum

173 2341 315 2402 ornatus
333 2341 469 2402 tantum
496 2331 660 2403 sollicitus
685 2333 901 2403 immoratur.
922 2335 1019 2404 Hanc
1036 2355 1121 2404 vero
1137 2331 1192 2402 Ci-

173 2455 307 2526 ceronis
324 2457 579 2528 excusationem
592 2457 702 2528 nostri
718 2456 884 2552 propositi
898 2455 1089 2528 subsidium
1104 2455 1194 2526 arri-

175 2577 302 2672 pimus.
326 2580 507 2675 interpreti
526 2590 627 2676 poeta
646 2580 761 2652 Cicero
779 2578 869 2651 cedit
896 2605 904 2650 :
930 2579 1060 2674 peritus
1084 2579 1194 2676 igitur

175 2727 338 2790 versuum
356 2705 491 2789 01111011,
520 2730 591 2776 non
616 2715 718 2801 poeta
738 2703 990 2800 nuncupandus
1017 2714 1082 2775 est.
1104 2704 1191 2788 Quis

176 2829 269 2900 enirn
286 2827 439 2923 legitimo
461 2829 601 2899 nomine
617 2840 718 2924 poeta
740 2829 936 2914 vocandus,
955 2829 1068 2901 aliena
1085 2852 1192 2925 quam

177 2974 242 3022 sua
273 2949 473 3022 concinnius
502 2963 665 3036 exornat,
697 2963 731 3022 01
766 2962 906 3024 externo
933 2977 1038 3048 quam
1068 2953 1192 3025 intimo

179 3077 290 3172 magis
318 3076 455 3174 ingenio
483 3075 577 3148 velut
604 3079 740 3148 afflatus
768 3076 936 3150 exardet?
962 3082 1054 3150 Dum
1078 3079 1194 3150 inter-

180 3223 259 3298 pres
273 3255 282 3284 ,
297 3225 405 3296 quum
425 3201 519 3285 illius
534 3202 657 3299 frigeat
677 3204 807 3274 circum
823 3203 1010 3298 praecordia
1035 3185 1191 3302 sanguis,
1259 3209 1266 3220 '

180 3325 320 3421 propria
335 3323 518 3420 languidus
537 3325 702 3410 effundit,
730 3325 850 3397 alienis
877 3352 959 3400 vero
988 3330 1190 3413 sententiis,

182 3449 352 3524 coloribus
370 3459 405 3518 01
422 3449 553 3543 impetu
571 3461 710 3546 raptae,
730 3449 914 3522 sublimius
939 3477 1044 3548 quam
1070 3464 1195 3550 sponte

182 3574 377 3657 consuerit,
403 3571 556 3644 effertur.

231 3696 336 3769 Nobis
352 3698 457 3795 igitur
470 3697 695 3791 approbatum
711 3699 814 3770 fuerit
831 3708 865 3768 et
879 3721 919 3768 re
930 3700 1193 3785 confirmatum,

137 3815 145 3867 t
181 3824 218 3893 in
235 3820 355 3892 alienis
373 3820 483 3892 multo
504 3823 774 3914 praestantiorem
796 3845 902 3918 quam
919 3823 955 3892 in
973 3825 1045 3895 suis
1062 3827 1196 3898 versari

139 3921 149 4030 ἓς
184 3947 395 4028 Ciceronem,
402 3951 477 4040 jam
491 3943 753 4038 sequiturillum
764 3943 867 4047 eloco
880 3945 1089 4019 movendum
1103 3973 1194 4034 esse,

183 4079 217 4140 01
233 4067 324 4140 intra
340 4077 477 4162 poeta-m
494 4067 531 4138 in
549 4064 680 4138 modios
699 4077 734 4138 ct
750 4064 882 4138 nobiles
901 4068 1005 4140 etiam
1030 4093 1197 4146 versuum
