2836 4880
696 392 736 404 .-
757 358 796 416 42
820 391 856 402 ..

351 469 487 542 Abdidit,
505 472 536 528 et
553 467 651 528 subito
666 465 797 528 stellanti
815 469 902 526 nocte
915 469 1072 544 perempte
1087 469 1145 526 est.

393 575 472 650 Quid
486 595 557 638 vero
570 576 673 639 Phoebi
686 575 751 649 lux,
768 576 859 636 tristis
871 575 977 635 nuntia
990 573 1077 647 belli,

350 681 426 758 Quae
438 703 582 758 magnum
595 685 632 745 ad
643 683 783 744 columen
795 683 950 743 llammeto
965 682 1071 742 ardore
1081 678 1223 754 volabat,

352 795 522 874 l’rreclpites
535 795 602 856 coeli
615 797 714 873 partes
728 795 885 870 obitusque
899 796 1066 872 petessens3

350 903 413 964 Aut
430 923 545 982 quum,
562 903 688 964 terribili
707 920 864 982 percussus
878 901 1020 976 fulmine,
1037 901 1108 962 civis

352 1013 433 1076 Luce
447 1015 596 1074 serenanti
613 1014 686 1074 vitai
699 1013 815 1072 lumina
827 1011 933 1089 liquit,

352 1123 415 1186 Aut
429 1143 524 1204 quum
539 1142 570 1184 se
589 1123 710 1198 gravido
724 1113 892 1184 tremefecit
909 1137 1032 1200 corpore
1047 1117 1157 1178 tellus‘l

322 1381 365 1451 Hi
375 1404 514 1468 verene,
534 1393 573 1454 ut
588 1382 767 1467 videmus,
788 1381 933 1454 oratoris
946 1377 1051 1452 verba
1065 1388 1203 1449 tantum
1218 1397 1293 1447 am-

275 1501 441 1598 plificant.
455 1505 539 1588 Quis
557 1515 673 1576 autern
684 1559 693 1590 ,
706 1514 746 1576 ut
760 1505 921 1574 universa
934 1503 1086 1599 primum
1104 1500 1292 1596 amplecta-

274 1651 372 1713 mur,
394 1627 645 1702 edstrietiorem
670 1629 769 1700 illum
797 1626 1025 1724 componendi
1047 1625 1190 1698 modum
1209 1624 1294 1696 huic

274 1751 394 1825 laxiori
417 1764 451 1826 et
469 1755 579 1827 hianti
607 1779 677 1827 uon
702 1751 923 1825 antetulerit?
945 1753 1098 1826 Oratoris
1124 1751 1294 1847 proposi-

274 1886 350 1946 tum
375 1876 495 1948 delinit
518 1879 653 1963 Cicero,
683 1877 810 1949 scilicet
835 1878 951 1949 omnia
975 1875 1119 1948 deorum
1148 1873 1294 1946 consilio

275 2003 411 2096 provisa
434 2002 566 2074 fuisse:
588 2002 680 2099 quod
705 2002 834 2099 duplici
852 2002 1006 2086 ratione,
1034 2006 1230 2097 conjectura
1254 2009 1293 2070 et

274 2113 499 2221 presentibus
523 2127 688 2222 prodigiis
718 2127 959 2197 confirmatum
987 2124 1193 2208 arbitratum
1216 2123 1293 2195 haec

275 2262 431 2320 monstra
456 2249 605 2320 breviter
631 2251 787 2346 attingit,
817 2260 851 2321 et
877 2271 953 2344 quae
977 2249 1086 2335 fiunt,
1110 2255 1185 2347 jam
1205 2249 1293 2321 deos

275 2375 438 2446 cecinisse
451 2373 636 2446 concludit.
651 2377 730 2446 Haec
742 2385 780 2446 ut
795 2376 885 2446 inter
897 2399 934 2446 se
947 2375 1144 2446 firmissimo
1152 2374 1294 2447 vinculo
1415 2381 1416 2384 ’

277 2497 467 2584 coherent,
486 2500 535 2571 ite
551 2498 641 2570 leoili
657 2521 760 2570 cursu
779 2497 949 2583 feruntur,
969 2499 1114 2596 simplici
1133 2507 1166 2569 et
1182 2497 1296 2570 nobili

276 2623 458 2696 verborum
481 2623 714 2721 complexione
739 2623 873 2710 fluunt,
901 2651 976 2722 quae
993 2623 1142 2696 consulis
1159 2631 1294 2722 mejes-

276 2762 382 2822 tatem
399 2761 433 2820 et
450 2749 646 2846 religiosam
666 2752 792 2820 mentis
810 2750 916 2822 fidem
933 2753 1064 2848 spirare
1081 2751 1229 2824 videtur.

324 2878 363 2945 ln
381 2873 501 2945 eodem
516 2886 718 2971 argumento
732 2887 833 2971 poete
844 2901 949 2972 quam
966 2877 1125 2948 dissimili
1143 2901 1180 2949 se
1192 2901 1289 2948 more

276 2999 364 3097 gerit
377 2996 586 3070 bVerborum
606 2999 748 3072 circuitu
760 3001 873 3098 gravis
888 3012 922 3072 et
938 3002 1117 3074 intricatus
1135 3001 1286 3072 anhelat.

276 3123 368 3194 Nihil
385 3125 482 3218 ponit
506 3123 599 3220 quod
623 3124 732 3198 nitido
761 3123 880 3197 tenore
904 3136 938 3196 et
964 3126 1084 3198 ordine
1111 3127 1289 3198 continens

277 3257 377 3342 apto,
407 3246 560 3319 clausula
578 3248 668 3320 felici
693 3247 839 3320 desinat.
861 3250 911 3320 Sit
929 3251 966 3320 in
994 3249 1149 3346 exemplo
1177 3251 1290 3347 prima

278 3370 467 3468 periodus,
489 3395 593 3467 quam
619 3374 774 3444 omnium
805 3375 878 3444 sine
905 3375 1136 3448 controversia
1156 3373 1289 3474 judices

279 3498 456 3593 optimam.
476 3495 651 3570 Absolutis
670 3499 918 3572 senenumeris
937 3500 1238 3584 circumscribitur,
1260 3501 1290 3571 si

278 3631 414 3692 tentum
432 3620 572 3693 auribus
595 3621 700 3694 iidem
718 3622 928 3696 adhibueris.
951 3628 1031 3698 Tres
1049 3627 1150 3724 primi
1168 3649 1289 3698 versus

280 3745 414 3819 duobus
441 3747 571 3819 ultimis
599 3750 762 3820 concinne
788 3751 958 3822 nituntur·
977 3750 1023 3822 At
1040 3775 1144 3824 seusu
1161 3773 1289 3824 nume-

280 3895 398 3945 rorum
414 3873 595 3946 eoncordia
611 3872 782 3946 turbetur.
801 3877 889 3948 Nam
910 3901 919 3947 ε
952 3911 954 3916 ·

354 4119 356 4124 ·
404 4094 535 4160 AEtheris
546 4099 650 4162 eterni
663 4101 745 4180 septa
758 4103 848 4180 etque
858 4100 972 4166 inclusa
983 4105 1132 4176 cavernis,
