2866 4866
754 427 915 487 ..80-

328 587 486 636 ceronem
509 563 699 634 occurrisse
722 562 815 658 quod
841 562 907 634 sihi
923 561 1097 634 vindicare
1115 563 1259 663 Virgilio
1279 567 1360 663 pla-

329 685 458 760 cuerit?
472 688 600 759 Forsan
617 688 801 758 aVarrone
811 685 886 757 haec
897 686 1001 757 etiam
1012 695 1192 760 mutuatus
1207 689 1329 762 fuerat
1345 717 1355 762 τ

407 914 569 990 Continuo,
584 917 680 977 ventis
696 916 904 991 surgentibus,
920 915 1065 978 fruticeta
1079 919 1162 996 ponti

409 1024 562 1104 Incipiunt
576 1026 687 1098 agitata
700 1030 877 1087 tumescere.

328 1238 427 1310 Viam
444 1248 560 1310 autem
578 1239 609 1309 ei
626 1238 868 1334 praemunierat
884 1238 1001 1312 Cicero
1022 1263 1032 1309 ε

408 1466 509 1544 Atque
522 1467 613 1526 ctiam
624 1469 729 1527 ventos
742 1468 955 1546 praemonstrat
967 1483 1046 1544 saepc
1062 1463 1181 1526 futuros

409 1576 554 1639 Inflatum
568 1595 668 1651 mare,
686 1595 781 1654 quum
796 1577 893 1637 subito
906 1578 1085 1657 penitusque
1099 1576 1252 1636 tumescit.

376 1763 507 1835 Eadem
531 1764 658 1848 etiarn,
678 1787 748 1860 qua
765 1761 917 1848 Tullius,
935 1762 1094 1834 imitandi
1110 1763 1246 1834 ratione
1261 1760 1345 1832 Vir-

327 1881 429 1985 gilius
445 1889 497 1961 uti
517 1888 665 1962 videtur.
683 1887 743 1960 Ille
758 1886 873 1960 verbis
889 1889 1020 1960 iteratis
1038 1911 1140 1960 sonos
1161 1889 1344 1986 expingere

327 2015 503 2089 contendit
519 2041 528 2087 :

728 2217 879 2278 Acredula
895 2215 1016 2278 vocibus
1033 2218 1137 2291 instat,

449 2323 580 2384 Vocibus
593 2327 696 2386 instat.

328 2511 391 2583 Hic
408 2510 451 2584 de
467 2511 602 2584 cornice
618 2537 627 2584 :

689 2711 828 2776 Pluviam
842 2716 929 2774 vocat
946 2711 1081 2793 improba
1093 2729 1176 2774 voce.

325 2896 539 2970 Manifestius
557 2906 672 2966 autem
689 2896 733 2969 ab
751 2899 937 2995 interprete
961 2900 1127 2972 nonnulla
1144 2911 1336 2973 mutuatur.

326 3022 441 3105 Quum
451 3019 567 3092 Cicero
584 3019 680 3116 prius
696 3045 705 3091 :

528 3200 530 3207 ¹
568 3223 608 3286 Et
623 3243 751 3300 magnus
763 3227 874 3305 pariter
891 3225 1039 3290 delabitur
1053 3229 1168 3292 Amnis.

731 3414 823 3476 Flexo
835 3434 905 3478 curn
919 3435 1041 3499 corpore
1055 3437 1186 3500 serpens.

446 3599 486 3662 Et
499 3603 662 3665 matutinos
679 3608 797 3665 exercet
811 3605 951 3667 acredula
964 3610 1086 3682 cantus,
1096 3611 1171 3682 ete,

325 3783 475 3856 vicissim
490 3783 652 3883 Virgilius
669 3812 678 3859 z

381 3953 386 3965 ι
422 3985 571 4049 Maximus
585 3987 633 4048 hie
651 3987 731 4050 ilexu
749 3991 866 4052 sinuoso
884 3989 1012 4052 elabitur
1025 3991 1150 4068 Anguis.

426 4172 635 4254 Nequidquam
649 4195 728 4240 seros
741 4183 859 4239 exercet
871 4183 979 4242 nectua
993 4187 1108 4244 cantus.
