2836 4880
699 357 840 417 -8..

257 494 473 580 anxitudine,
487 494 722 581 mollitudine,
737 494 959 581 lassitudine,
975 496 1273 583 temeritudinem,

256 619 549 717 prolixitudinem.
574 649 590 688 r
624 623 663 692 In
691 621 767 693 aliis
797 632 976 694 occurrent
998 621 1273 719 «paenitudine,

255 745 484 830 vastitudine,
503 746 759 830 miseritudine,
774 745 982 831 latitudine,
998 746 1236 818 honestitudo.
1253 776 1270 814 s

255 873 409 956 Quarum
426 871 714 968 ponderegvocum
732 895 870 956 versus,
886 873 923 942 in
942 874 1061 968 primis
1078 872 1273 957 iambicus,

261 1021 349 1093 ‹pes
360 997 447 1068 citus
459 1025 497 1081 ,r
514 997 718 1094 ingravescit
728 1007 762 1068 ct
772 996 938 1068 anhelans
949 999 1166 1094 opprimitur.
1182 1001 1277 1069 Raro

254 1121 347 1192 enim
374 1119 541 1216 contingit
564 1131 603 1192 ut
630 1120 705 1193 haec
734 1121 986 1218 sesquipedalia
1005 1121 1135 1206 verba,
1164 1121 1275 1217 paulo

253 1241 385 1313 felicius
410 1251 444 1312 et
470 1252 663 1338 opportuno
682 1244 811 1316 inserta
834 1244 931 1330 loco,
956 1246 1079 1344 grandi
1106 1245 1277 1342 exsplen-

254 1364 397 1438 deseant
415 1365 583 1463 imagine,
603 1377 643 1438 ut
660 1367 752 1464 apud
770 1367 901 1440 Attium
920 1393 928 1440 :

336 1553 468 1614 Delubra
484 1555 636 1628 ooelitum,
654 1556 747 1616 maris
759 1555 987 1616 sanctitudinest

303 1730 380 1802 Non
393 1729 678 1802 committendum
695 1741 879 1802 esttamen
899 1739 939 1801 ut
953 1729 1089 1828 omnia,
1103 1752 1179 1824 quaa
1196 1753 1275 1802 our-

256 1853 323 1924 sim
346 1853 541 1950 attigimus,
566 1864 725 1950 peccata,
746 1855 783 1926 in
806 1863 963 1926 auctores
988 1863 1123 1924 tautum
1148 1863 1182 1924 et
1196 1854 1275 1924 im-

256 1979 380 2051 merito
390 1979 619 2052 conferamus.
632 1978 766 2076 Duplex
777 1980 870 2052 enim
881 1979 1065 2050 criminum
1076 1987 1129 2050 est
1139 2001 1271 2076 genus:

257 2128 405 2200 quorum
423 2105 570 2178 alterum
589 2115 624 2176 et
646 2106 784 2201 gravius
800 2103 1005 2176 balbutienti
1023 2103 1166 2201 lingua,
1188 2102 1275 2174 alte-

256 2251 336 2300 rum
358 2238 431 2298 arte
453 2227 599 2298 rudibus
619 2229 729 2322 poetis
755 2227 943 2300 adscribas.
971 2229 1024 2300 llli
1049 2227 1190 2325 quidem
1206 2252 1274 2301 nco

257 2351 479 2425 vetustiorem
506 2350 783 2448 asperioremque
810 2353 990 2424 nominum
1014 2352 1179 2436 formam,
1207 2323 1289 2424 nec'

257 2497 424 2572 generum
441 2475 624 2572 ancipitem
640 2485 800 2548 naturam
821 2477 972 2575 effugere
990 2487 1186 2573 potuerunt.
1206 2477 1273 2548 Vix

258 2601 362 2705 etiam
381 2600 556 2674 duriorem
581 2603 822 2676 contractionis
841 2602 985 2675 modum
1003 2603 1071 2675 illis
1087 2604 1169 2674 vitio
1186 2625 1273 2674 ver-

256 2736 329 2812 tas,
356 2752 465 2824 quum
493 2735 566 2824 ejus
591 2729 756 2824 temporis
785 2727 926 2800 auribus
948 2726 1076 2799 callum
1102 2727 1272 2824 agrestior

256 2875 341 2924 usus
366 2848 578 2922 obduxisset.
599 2850 666 2922 Sed
694 2850 787 2948 apud
808 2851 885 2924 illos
910 2851 1121 2924 inconditam
1144 2875 1272 2924 vocum

256 2974 539 3070 compositionem
551 2983 585 3044 et
597 2973 709 3046 soluta
720 2974 893 3073 digniores
904 2976 1269 3062 orationelooutiones,

257 3120 405 3194 quarum
431 3120 554 3193 repens
583 3095 680 3168 humi
708 3097 886 3195 longitudo
912 3099 1085 3198 legentem
1111 3098 1272 3196 obstupe-

256 3223 359 3308 facit,
379 3245 449 3292 non
467 3221 588 3293 eadem
602 3221 699 3293 facile
717 3221 817 3294 venia
833 3245 1095 3318 prosequemur.
1157 3266 1160 3271 ι

261 3423 265 3428 ,
305 3345 394 3420 Vitio
412 3356 527 3417 tamen
552 3347 662 3420 atatis
685 3369 730 3418 an
753 3370 816 3417 suo
835 3346 1015 3432 sordeant,
1038 3347 1122 3443 quid
1139 3347 1272 3420 refert?

257 3475 292 3552 Si
309 3470 424 3544 labem
446 3480 629 3566 utramque
651 3471 851 3544 cautissima
865 3473 1023 3544 vitaverit
1039 3482 1113 3544 arte
1129 3473 1270 3559 Cicero,

256 3595 356 3668 nobis
376 3620 446 3668 non
462 3593 595 3665 minore
610 3593 713 3668 laude
733 3594 958 3668 celebrandus
976 3595 1226 3668 obversabitur.

303 3720 450 3790 Nomina
466 3741 547 3790 vero
563 3718 621 3789 vix
643 3719 774 3817 aliquot
792 3722 996 3818 relegimus,
1016 3746 1125 3817 quum
1147 3721 1270 3794 eodem

250 3848 329 3941 jure
350 3841 467 3914 liceret
484 3844 520 3915 in
543 3852 683 3915 caeteras
702 3845 829 3941 eloquii
846 3855 962 3941 partes
980 3845 1268 3918 animadvertere.

253 3966 374 4038 Verbis
383 3967 488 4064 igitur
498 3966 706 4064 quibusdam
717 3969 937 4054 inhaeremus,
951 3994 1027 4066 quae
1038 3994 1107 4042 non
1119 3969 1269 4042 absimili

253 4090 409 4188 rubigine
424 4091 584 4187 squalent
596 4101 631 4163 et
644 4093 739 4164 senio
753 4103 947 4190 turpantur.
966 4075 1267 4178 Quemadmodum
