2866 4866
700 371 862 428 -ro-
922 347 986 381 ‘¹

356 509 403 571 Sic
415 503 533 568 malunt
544 518 644 565 errare
658 513 743 577 vage
754 513 808 582 per
817 499 921 563 nubila
933 500 1016 574 coeli,

357 619 457 694 Atque
466 629 536 675 suos
549 613 632 674 ratio
645 616 731 674 motu
740 614 874 674 metirier
886 611 986 671 orbes,

356 723 430 786 Haeo
442 723 557 785 faciunt
570 740 695 796 magnos
707 722 863 799 longinqui
880 720 1024 799 temporis
1039 733 1149 790 annos,

356 832 461 908 Quum
474 831 601 894 redeunt
611 831 649 893 ad
662 831 743 892 idem
755 829 823 892 coeli
837 829 893 892 sub
907 830 1039 902 tegmine
1058 829 1178 900 signum
1192 845 1201 886 t

356 943 458 1019 Quare
472 962 527 1017 ego
535 961 616 1004 nunc
627 961 743 1020 nequeo
754 946 831 1002 totos
845 939 885 1024 (l)
900 939 1037 1000 evolvere
1051 953 1167 1005 cursus.

355 1049 471 1112 Verum
482 1052 563 1125 haee,
587 1071 655 1129 quae
669 1070 786 1131 semper
801 1054 883 1111 certo
894 1049 1057 1110 volvuntur
1070 1049 1102 1108 in
1114 1046 1187 1108 orbe

359 1158 434 1220 Fixa
449 1159 555 1234 simul,
572 1179 696 1235 magnos
708 1161 832 1222 edemus
842 1159 980 1234 gentibus
992 1155 1089 1218 orbes.

251 1385 261 1451 l
329 1395 408 1464 Haec
434 1415 517 1464 sane
544 1391 651 1465 nobili
668 1404 702 1466 et
726 1393 840 1466 adhue
863 1394 998 1466 insueto
1014 1390 1199 1464 verborum
1223 1391 1299 1462 oir-

251 1487 375 1590 {cuitu
403 1515 573 1587 feruntur.
605 1517 675 1588 Nos
705 1518 816 1614 magis
848 1526 964 1587 tamen
994 1514 1150 1587 detinent
1173 1525 1208 1586 et
1230 1539 1295 1586 re-

281 1653 414 1727 creant,
432 1666 508 1738 quae
523 1642 601 1714 vivo
616 1641 729 1713 colore
747 1641 884 1739 singula
901 1635 1120 1726 describunt,
1138 1651 1174 1712 et
1189 1640 1297 1712 rebus

281 1767 376 1840 velut
392 1767 545 1838 animem
563 1767 732 1862 inspirare
746 1765 920 1838 videntur.
940 1767 1095 1850 Quorum
1111 1775 1182 1837 tres
1194 1765 1299 1838 liceat

285 1892 389 1963 etiem
405 1887 499 1962 locos
522 1887 693 1988 prolerre,
715 1887 826 1960 ethis
849 1883 1015 1985 exemplis
1041 1885 1148 1960 finem
1177 1887 1300 1986 impo-

283 2040 366 2089 nere
388 2015 436 2114 (2)
458 2041 467 2088 :

364 2244 526 2306 Zodiacum
542 2243 625 2302 hunc
644 2240 739 2302 Graeci
752 2241 901 2314 vocitant,
917 2242 1070 2319 nostrique
1079 2241 1177 2304 Latini

365 2351 478 2414 Orbem
500 2348 675 2424 signiferum
692 2349 894 2428 perhibebunt
911 2350 1032 2410 nomine
1042 2368 1133 2411 vero:

365 2460 444 2521 Nam
458 2460 535 2534 gerit
545 2460 596 2520 liic
610 2459 732 2520 volvens
744 2455 790 2519 bis
805 2473 856 2520 sex
868 2459 1004 2520 ardentia
1019 2460 1115 2534 signa.

365 2567 487 2630 AEstiier
496 2573 541 2636 est
554 2569 689 2648 ‘pandens
701 2567 848 2630 ferventia
861 2569 958 2630 sidera
968 2567 1095 2630 Cancer.

364 2676 454 2740 Hunc
466 2678 570 2739 subter
581 2676 700 2765 fulgens
710 2677 788 2738 cedit
801 2678 846 2737 vis
859 2681 945 2738 torva
956 2677 1081 2752 Leonis,

363 2787 463 2862 Quem
477 2787 569 2848 rutilo
582 2788 717 2864 sequitur
727 2761 876 2846 collucens
886 2805 1010 2865 corpore
1029 2786 1133 2861 Virgo.
1192 2855 1195 2862 ,

366 2895 446 2958 Exin
458 2896 600 2974 projectae
614 2894 693 2955 claro
705 2913 775 2955 cum
788 2895 902 2956 lumine
911 2891 1011 2956 Chelae
1022 2915 1031 2972 3

364 3003 493 3084 ipsaque
504 3005 695 3080 consequitur
706 3000 811 3064 lucens
820 3005 864 3065 vis
874 3023 985 3078 magna
994 3003 1102 3084 Nepai.

367 3112 442 3174 Inde
457 3111 670 3192 Sagittipotens
681 3111 787 3173 dextra
797 3112 911 3173 ilerum
922 3117 1006 3174 tenet
1020 3129 1148 3190 arcum;

367 3220 437 3282 Posi
450 3221 531 3282 hune
542 3240 594 3282 ore
605 3219 669 3281 iero
679 3219 878 3300 Capricornus
889 3221 998 3282 vadere
1011 3224 1109 3302 pergit
1124 3241 1135 3298 3

367 3327 520 3391 Humidus
530 3331 601 3392 inde
609 3330 669 3391 loci
677 3330 806 3391 collucet
814 3332 963 3409 Aquarius
972 3332 1055 3394 orbe.

372 3439 452 3500 Exin
465 3443 645 3517 squamigeri
661 3445 811 3521 serpentes
824 3441 928 3503 ludere
946 3442 1058 3518 Pisces,

369 3548 445 3624 Quis
457 3567 556 3611 comes
572 3557 617 3611 est
630 3551 731 3626 Aries,
747 3553 874 3613 obscuro
886 3552 1000 3613 lumine
1014 3552 1135 3626 labens,

369 3658 543 3737 lnllexoque
567 3678 646 3732 genu
667 3663 800 3742 projecto
822 3661 1097 3741 corporeTaurus,

369 3767 409 3828 Et
421 3768 537 3836 Gemini
546 3769 668 3844 ¹clarum
679 3772 829 3850 jactantes
840 3773 959 3834 lucibus
968 3773 1082 3846 iguem.

325 4040 360 4108 (l)
380 4037 508 4109 Orellius,
523 4045 615 4096 tortos.

266 4187 271 4202 ,
322 4133 357 4204 (i)
378 4135 479 4208 Nobbe,
493 4140 555 4194 563.
568 4139 674 4207 iratus,
689 4139 750 4194 tlt.
