2836 4880
559 375 703 430 ..7-

176 503 363 574 Nominum
380 525 525 601 genere,
544 527 622 600 quae
636 515 816 579 mutentur
828 505 996 582 adhuoet
1011 506 1145 580 ineerta

119 628 299 726 pendent,
328 629 373 704 ed
402 630 567 704 orationis
594 630 715 704 soluta
741 631 885 704 modum
912 632 1144 704 strationem

34 814 38 821 .
121 755 245 828 Cicero
269 753 415 853 redigit,
446 755 624 828 stabiliora
650 755 790 842 delinit,
818 756 1018 842 ethorum,
1046 755 1144 828 verbi

121 882 258 978 gratia,
276 879 451 954 licentiam
467 881 623 978 exemplo
635 881 783 956 lelioiore
797 893 954 956 ooeroet:
975 881 1093 968 «Quid
1106 883 1144 954 iu

121 1007 250 1080 eastris
272 1004 429 1102 strepiti?
442 1034 458 1074 ›
472 1049 521 1060 -
540 1007 753 1095 «Armenta,
773 1018 909 1094 restra,
929 1007 1062 1104 lapides
1079 1032 1145 1080 su·-

47 1111 50 1115 ’
121 1130 244 1218 blatae,
256 1130 387 1216 labeas,
399 1159 415 1199 i
429 1131 595 1204 feminino
607 1155 751 1229 genere;
766 1132 970 1218 masculino,
991 1131 1145 1216 «collus,

122 1254 256 1326 fretum
287 1253 495 1340 ferventem,
523 1267 704 1352 rectosque
732 1280 932 1354 cupressos,
961 1267 1140 1341 sentus„

125 1379 272 1472 neutros,
297 1403 491 1475 «pannum,
503 1408 519 1450 r
533 1391 569 1452 et
583 1381 779 1454 istiusmodi
788 1382 1026 1456 numerosiora
1041 1383 1155 1478 quam'

34 1541 38 1544 <
126 1527 207 1598 quae
223 1503 358 1599 possint
372 1502 441 1575 huo
459 1503 609 1576 admitti.

179 1626 356 1700 Incondite
378 1629 576 1724 compositis
599 1629 703 1700 etiam
728 1630 844 1702 Cioero
873 1627 1017 1714 diffidit,
1046 1651 1145 1724 quae,

127 1754 347 1837 Graeoorum,
372 1763 412 1824 ut
435 1755 725 1849 premonuimus,
753 1754 906 1852 vestigiis
929 1754 1145 1839 insistentee,
1188 1741 1190 1744 ⁵

127 1877 167 1948 in
183 1877 335 1972 patrium
352 1899 548 1948 sermonem
569 1879 727 1973 quamvis
748 1887 999 1974 repugnantem
1015 1889 1148 1949 veteres
1177 1909 1179 1912 ·

128 2001 288 2098 ingerere
298 2009 485 2072 tenuantur.
503 2001 680 2072 Mutuetus
691 1999 898 2071 enimfuerit
911 2024 935 2071 a
948 2001 1063 2073 Naevio
1074 2001 1148 2072 Vir

130 2123 236 2222 gilius
268 2151 284 2192 ι
310 2108 524 2208 aroitenons,
546 2151 562 2191 s
586 2123 691 2222 hujus
707 2123 951 2220 comprobatur
962 2122 1148 2222 judicium·

131 2250 217 2334 Quis
239 2253 359 2322 eutem
375 2247 528 2322 Cioeroni
552 2271 623 2320 non
646 2247 858 2346 suffragatus
882 2259 992 2332 esset,
1021 2247 1066 2320 eh
1092 2248 1150 2320 his

130 2397 256 2448 rooum
277 2373 474 2446 fiotionihus
495 2373 695 2446 abhorrenti
722 2397 740 2444 ε.
758 2399 774 2441 r
795 2371 999 2472 Foedifragi,
1024 2393 1149 2444 aurora

131 2498 363 2596 pudorioolor,
373 2499 536 2572 Memnon
547 2497 745 2582 nocticolor,
759 2495 1005 2582 triseolisenex,
1021 2495 1149 2568 duloio·

133 2623 289 2719 riloquus
305 2619 476 2694 Nestori»
492 2665 541 2677 -
551 2621 614 2693 llla
629 2622 779 2706 Navius„
797 2620 871 2691 haeo
891 2620 1025 2714 aliaque
1038 2621 1149 2692 multa

133 2750 303 2822 reeentior
324 2747 439 2820 Attius
454 2745 599 2844 protulit
624 2771 634 2818 t
660 2744 941 2830 ‹Latifioabilis‚
964 2744 1149 2816 horrifice-

133 2875 264 2950 bilia»
290 2875 445 2959 Quorum
466 2871 701 2968 similiumque
718 2871 790 2944 vim
806 2880 841 2942 et
859 2869 1066 2968 elegantiam
1082 2871 1148 2943 isto

133 3023 236 3074 versu
246 3005 344 3098 juvet
360 2997 538 3094 explorare
558 3021 568 3069 ε

216 3207 304 3268 Nerei
316 3206 588 3286 repandirostrum,
605 3205 873 3266 incurvicervicum
888 3219 978 3282 pecus
995 3201 1048 3284 (1).

184 3393 238 3466 llli
255 3404 389 3466 veteres
406 3417 515 3489 quum
530 3392 596 3464 heo
613 3391 845 3464 transmmina
861 3388 1020 3463 laborant
1040 3391 1151 3461 imite-

138 3519 249 3604 tione,
267 3515 636 3590 domestioa'tarditate
662 3525 861 3614 gravantur,
889 3525 924 3586 et
942 3538 1018 3586 eam
1042 3515 1151 3586 nomi·

139 3667 222 3714 num
233 3641 361 3714 molem
376 3639 558 3726 adhibent,
575 3663 651 3736 quae
667 3641 725 3712 vix
739 3639 847 3712 oratio
859 3637 972 3712 soluta
984 3639 1147 3736 patiatur.

140 3765 241 3863 Apud
267 3767 400 3839 Attium
417 3765 473 3838 vel
491 3766 594 3838 unius
619 3765 814 3864 fragmenta
830 3763 954 3836 fabulae
979 3763 1078 3836 nohis
1101 3765 1152 3835 iu-

141 3899 261 3986 gereut
296 3915 305 3960 :
341 3917 357 3956 o
387 3887 633 3974 Concorditas,
665 3887 890 3972 vanitudine,
923 3885 1149 3973 orbitudiniS,

178 4149 214 4221 (t)
229 4151 594 4223 pertemptassent.
609 4152 739 4224 tugen,
751 4167 779 4223 p.
794 4153 855 4210 tte.
