2866 4866
709 420 892 481 -116-

286 554 471 626 ‘discernas
488 578 496 624 :
518 553 623 624 «Pari
636 553 751 626 animo
764 551 1011 625 Lacedaemonii
1024 554 1060 626 in
1072 551 1309 652 Thermopylis

297 676 513 759 occiderunt,
532 677 568 746 in
584 701 671 772 quos
687 676 879 750 Simonides
900 675 948 773 (1)
969 703 978 748 :

377 847 447 920 llic,
464 847 584 926 hospes,
603 846 735 926 Sparta,
752 865 806 908 nos
820 851 851 907 te
864 847 913 907 hic
927 846 1033 907 vidisse
1044 845 1193 930 jacentes,

457 953 538 1014 Dum
553 953 661 1014 sanctis
672 953 776 1033 patriar
789 951 906 1026 legibus
918 951 1126 1029 obsequimur3

297 1145 374 1220 quae
390 1120 557 1194 nobiliore
572 1122 629 1194 vix
647 1122 785 1220 ingenio
803 1119 994 1193 Simonides
1014 1120 1194 1218 expressit.

346 1245 562 1331 Quibusdam
577 1270 658 1318 vero
679 1247 850 1318 Ciceronis
871 1246 1028 1343 signum,
1048 1255 1088 1316 ut
1106 1245 1156 1316 ita
1174 1242 1311 1326 dicam,

298 1371 347 1442 sic
366 1371 587 1442 manifestum
609 1393 679 1442 non
703 1370 868 1455 inhaeret,
891 1369 971 1440 huic
992 1369 1107 1441 versui
1126 1366 1312 1440 videlicet:

304 1495 381 1566 ‹Ut
396 1491 652 1590 Epaminondas
670 1491 718 1589 (2)
739 1517 747 1564 :
777 1517 792 1559 s

399 1667 532 1729 Consiliis
546 1669 653 1730 nostris
666 1667 733 1729 laus
745 1672 790 1729 est
803 1671 920 1729 attonsa
933 1663 1101 1741 Laconum

299 1848 367 1920 quo
395 1825 528 1922 primus
556 1825 813 1922 epigrammatis
835 1823 936 1922 graeoi
953 1847 1073 1894 versus
1089 1821 1235 1894 feliciter
1251 1841 1316 1890 ex-

298 1946 471 2042 primitur.

347 2073 397 2142 De
413 2070 479 2142 hoo
498 2071 657 2144 similiter
672 2071 903 2144 dubitandum
918 2082 971 2142 est
988 2069 1035 2167 (3)
1054 2095 1063 2142 :

380 2239 482 2314 Quam
496 2245 621 2320 quisque
635 2245 713 2304 norit
731 2247 844 2317 artem,
860 2245 892 2304 in
907 2242 964 2303 huc
977 2260 1008 2304 se
1021 2246 1170 2318 exerceal;

300 2417 426 2514 dignus
449 2417 590 2514 quidem
609 2419 746 2494 iambus
766 2433 800 2508 et
817 2433 955 2494 auctore
971 2445 1081 2520 graeco
1095 2432 1128 2493 et
1143 2420 1322 2494 Ciceronis

303 2541 485 2640 elegantia.

350 2667 400 2760 De
416 2666 581 2762 proximis
597 2691 734 2764 quoque
750 2666 836 2738 nihil
852 2667 1042 2740 affirmares
1064 2667 1112 2764 (l)
1133 2691 1142 2739 τ

384 2836 487 2913 Neque
501 2838 581 2897 onim
595 2837 746 2899 laetabitur
758 2857 907 2917 unquam,
923 2857 978 2901 nec
992 2841 1130 2901 moerebit
1141 2837 1243 2909 nimis,

386 2940 447 3016 Qui
462 2961 579 3022 semper
591 2946 623 3004 in
637 2963 667 3005 se
680 2948 743 3026 ipso
757 2965 878 3008 omnem
892 2965 974 3026 spem
990 2951 1115 3027 reponet
1128 2947 1187 3007 sui.

309 3095 519 3190 Usurpatum
538 3098 631 3169 enim
649 3123 670 3169 a
687 3102 847 3172 Cicerone
871 3113 1022 3174 metrum
1039 3102 1076 3174 in
1094 3101 1149 3173 his
1169 3123 1241 3173 non
1260 3122 1326 3172 re-

308 3217 481 3313 perimus,
505 3244 618 3317 nequo
644 3232 777 3294 certum
806 3246 910 3318 quom
933 3235 1070 3297 secutus
1093 3224 1198 3297 luerit
1232 3246 1325 3295 auc-

308 3348 432 3410 torem.

356 3459 450 3530 Licet
468 3460 571 3531 etiam
596 3461 747 3557 pendeas
768 3463 939 3549 incertus,
962 3489 1070 3562 quum
1086 3467 1123 3538 in
1146 3463 1242 3538 istud
1261 3463 1326 3536 in-

310 3581 396 3680 cidis
416 3582 464 3677 (5)
482 3605 491 3652 ε

346 3793 384 3864 (l)
400 3793 524 3864 Tassat,
542 3793 560 3848 l.
575 3796 601 3863 l,
615 3795 659 3851 li.
673 3791 713 3852 (ll.
729 3795 845 3868 Herod,
859 3797 878 3854 l.
890 3798 919 3867 7,
933 3811 958 3854 c.
970 3800 1032 3854 228.

349 3892 386 3951 li)
400 3886 480 3959 nic,
495 3889 514 3945 l.
530 3893 558 3959 5,
572 3889 615 3944 ⁴7.
630 3887 670 3945 Gi.
684 3891 768 3961 Plau,
782 3897 802 3949 l.
815 3895 846 3962 2,
859 3905 887 3964 p.
904 3895 981 3950 loss.
1060 3903 1068 3922 ·

349 3988 385 4056 (3)
401 3980 481 4052 itio„
496 3984 515 4039 l.
534 3986 563 4050 l,
580 3985 624 4038 48.
639 3980 679 4037 Cf.
694 3984 867 4056 aucupum
883 3985 987 4057 lapis,
1001 3987 1080 4044 liii.

348 4077 385 4145 (l)
398 4073 479 4141 illd„
495 4078 514 4133 l.
530 4081 557 4134 5.
573 4081 617 4135 ⁴2.

347 4173 383 4244 (5)
398 4171 482 4240 ibid,
498 4174 535 4229 De
548 4172 656 4244 divisa,
672 4173 690 4231 l.
704 4177 730 4246 2,
747 4179 790 4230 la.
