2866 4866
535 366 715 424 ...tta-

118 497 278 596 quamvis
293 507 419 598 'autem
449 492 563 568 verbis
580 495 776 593 impeditior
800 499 1006 570 sententiam
1030 497 1128 571 crol-

115 633 197 706 vat,
231 643 350 717 pressa
379 630 413 692 et
443 630 562 692 exacta
592 643 743 716 graecum
774 621 948 716 exemplar
976 621 1128 694 oratione

116 742 245 816 reddit.

166 863 309 938 Incertis
330 863 434 934 etiam
450 861 524 933 haec
540 863 661 932 inserit
671 861 801 934 Bothe:

199 1085 278 1147 Nam
292 1101 346 1145 nos
359 1084 497 1157 decebat,
520 1087 601 1144 coetu
614 1083 798 1144 celebrantes
809 1085 945 1160 domum,

204 1192 336 1266 Lugere,
358 1191 411 1252 ubi
428 1195 504 1252 esset
521 1190 627 1268 aliquis
640 1192 672 1270 in
685 1191 786 1252 lucem
797 1192 908 1266 edituS,

200 1299 350 1376 Humanas
365 1302 432 1362 vitae
444 1302 528 1361 varia
540 1304 714 1378 reputantes
728 1301 808 1361 mala
819 1319 828 1376 ;

203 1409 257 1482 tt,
276 1403 327 1486 q'ui
344 1409 461 1470 labores
473 1414 570 1470 morte
585 1410 696 1470 finisset
711 1427 827 1484 graves,

203 1507 316 1580 Omnes
328 1520 440 1580 amicos
453 1519 543 1580 laude
556 1522 586 1579 et
600 1519 704 1580 laetitia
718 1519 840 1597 exsequi
854 1515 913 1601 (l);
956 1569 957 1574 ,

118 1728 199 1802 quae
228 1703 294 1776 sibi
321 1705 437 1777 Cicero
462 1703 613 1776 vindicat
643 1703 698 1774 his
725 1703 839 1776 verbis
872 1728 881 1775 ε
925 1730 940 1770 r
980 1702 1056 1787 Qua
1081 1714 1134 1773 est

120 1827 293 1898 sententia
320 1827 357 1896 in
389 1828 569 1916 Cresphonte
600 1850 685 1897 usus
729 1825 924 1920 Euripides.
961 1855 977 1894 n
1008 1829 1136 1898 Locum

119 1951 229 2048 igitur
256 1973 364 2046 quum
386 1955 460 2046 jam
488 1949 599 2020 Ennio
624 1947 733 2032 Bothe
756 1947 954 2033 tribuisset,
976 1948 1137 2020 eumdem

119 2075 263 2146 incertis
294 2073 466 2144 immerito
497 2073 692 2170 permiscet.
722 2073 810 2142 Nam
841 2073 994 2144 Ciceroni
1021 2069 1139 2143 damni

120 2197 282 2270 nonnihil
307 2198 419 2268 affert.
446 2196 545 2282 Quod
565 2197 594 2269 si
619 2197 711 2268 enim
731 2219 836 2292 supra
869 2194 999 2268 laudati
1018 2219 1138 2268 versus

120 2344 287 2394 numeros
305 2331 338 2392 et
356 2320 560 2418 elegantiam
587 2321 760 2418 Euripidis
792 2320 1009 2406 desiderant,
1031 2333 1065 2418 et
1079 2345 1140 2392 se-

121 2441 259 2514 cundus
283 2443 473 2538 tertiusque
494 2442 649 2539 languidi
665 2433 780 2514 nervis
808 2455 948 2528 carent,
969 2467 1077 2538 quum
1096 2443 1140 2514 sit

122 2565 163 2636 in
180 2589 317 2664 graeco:

209 2750 299 2810 llacet
312 2751 482 2810 nascentem
494 2748 598 2823 lugere
608 2750 640 2809 in
652 2751 697 2810 tot
710 2749 844 2810 miserias
856 2751 1034 2824 intrantem,

128 2933 220 3007 fidus
245 2943 362 3005 tamen
381 2933 550 3029 interpres
574 2945 608 3004 et
634 2935 716 3004 satis
741 2934 927 3006 concinnus
950 2934 986 3004 in
1009 2935 1139 3006 caeteris
1210 2947 1214 2954 '

129 3055 250 3128 haberi
267 3057 382 3127 Cicero
396 3065 521 3150 potest.

180 3177 331 3248 Tertium
344 3175 436 3248 aliud
449 3177 618 3248 omittitur
630 3176 881 3276 fragmentum,
901 3179 956 3250 cui
972 3189 1063 3250 certa
1080 3179 1141 3251 Ci-

132 3302 265 3375 ceronis
276 3324 403 3373 nomen
413 3301 704 3396 praescribendum
722 3314 795 3374 est:
821 3331 836 3370 a
855 3303 965 3400 Vulgo
982 3305 1074 3376 enim
1091 3304 1140 3376 di-

132 3428 240 3512 citur,
258 3426 370 3522 inquit
387 3426 576 3520 interpres,
603 3453 619 3493 ‹
628 3425 772 3524 jucundi
785 3427 852 3497 acti
869 3425 1003 3499 labores
1014 3449 1052 3512 ;ι
1078 3450 1139 3498 nec

85 3531 92 3548 ’
132 3547 225 3620 male
240 3544 434 3644 Euripides.
457 3545 680 3632 Concludam,
704 3547 733 3618 si
754 3557 893 3642 potero,
910 3549 1033 3634 latine,
1048 3571 1141 3646 grae-

133 3694 215 3744 cum
232 3669 324 3740 enirn
344 3667 436 3743 hunc
455 3691 595 3740 versum
607 3669 716 3740 nostis
736 3693 878 3742 omnes:

219 3865 323 3928 Suavis
336 3864 474 3926 laborum
488 3871 533 3926 est
544 3869 765 3946 preteritorum
776 3869 921 3956 memoria
931 3866 982 3952 (ᾖ).

173 4047 211 4116 (t)
229 4047 347 4116 necat,
363 4049 389 4118 t,
404 4049 448 4103 ts.
462 4047 501 4105 ct.
520 4049 641 4106 Bolsson.
663 4052 793 4122 Apospas.
820 4047 1013 4123 Cresphontes,
1034 4055 1099 4124 bag.
1115 4057 1140 4110 l.

174 4141 209 4205 (2)
224 4140 374 4213 definitos
389 4140 491 4208 bonor„
505 4143 562 4210 bt,
575 4147 617 4202 32.
660 4218 662 4221 Ι
1010 4147 1012 4156 ’

977 4244 995 4304 8
