2866 4866
748 367 910 428 ...64-

676 497 714 560 Ut
727 503 842 562 veteres
857 503 987 560 statuere
1004 490 1109 577 poete,

280 650 285 659 ›
346 651 349 657 -
411 608 538 670 AEterno
542 650 606 668 .....

326 815 474 912 lutrudit
491 816 527 886 iu
554 815 681 887 Aratea
704 817 833 888 Cicero.
859 816 1009 888 Proximi
1034 826 1191 912 septem,
1221 843 1237 882 ι
1260 817 1345 889 Jove

325 949 465 1012 auctore
487 968 503 1007 o
525 950 661 1011 tantum
677 940 823 1029 omisso,
842 940 986 1012 feliciter
1004 939 1167 1011 evadunt.
1183 917 1344 1018 Unde'fit

325 1075 385 1149 ut,
399 1065 436 1134 in
446 1063 521 1135 loco
538 1065 628 1135 inter
638 1065 806 1160 pessimos
825 1063 945 1148 electo,
966 1089 1056 1135 unus
1070 1063 1211 1135 omnino
1227 1061 1344 1132 malus

325 1211 445 1259 versus
472 1197 640 1258 occurret.
675 1189 857 1260 Consulatus
875 1187 929 1260 vel
958 1186 1088 1282 optima
1116 1183 1245 1282 legenti
1272 1207 1343 1255 non

325 1312 377 1382 ite
392 1333 556 1408 prospere
572 1310 676 1383 cedit.

375 1437 572 1507 Proximum
585 1434 709 1506 iisdem
733 1433 938 1518 virtutihus,
955 1427 1133 1530 multoque
1150 1434 1345 1507 minorihus

327 1562 417 1632 vitiis
435 1560 613 1642 refertum,
635 1583 654 1630 e
671 1561 884 1668 Plcaeuopacois
900 1558 1015 1630 locum
1031 1559 1247 1655 excerpimus
1270 1558 1319 1656 (1)
1333 1583 1342 1629 ι

408 1783 476 1863 Ipse
490 1787 593 1844 autem
606 1782 708 1844 labens
722 1782 826 1842 multis
840 1782 944 1859 Equus
963 1781 1014 1842 ille
1027 1786 1148 1843 tenetur

409 1893 553 1954 Piscibus.
570 1892 649 1954 Huic
665 1895 765 1953 cervix
779 1892 885 1954 dextra
906 1892 1056 1952 mulcetur
1073 1894 1215 1983 Aquari..
1291 1955 1304 1986 o

409 2004 510 2067 Serius
523 2005 587 2065 hoec
597 2005 697 2064 obitus
710 2007 802 2064 terrai
815 2004 902 2082 ¹lussit
917 2001 1070 2079 Equinis,
1172 1990 1272 2046 &M

408 2111 524 2188 Quam,
543 2114 676 2186 gelidum
689 2113 788 2174 valido
804 2113 972 2192 depectere
993 2110 1087 2186 irigus
1101 2111 1261 2185 anhelans,

409 2220 539 2300 Corpore
555 2221 711 2294 semifero,
733 2239 842 2295 magno
857 2219 1053 2300 Capricornus
1067 2222 1098 2280 iu
1113 2220 1201 2297 orbe;

409 2328 509 2403 Quem
523 2348 619 2408 quum
631 2335 776 2409 perpetuo
789 2331 909 2391 vestivit
923 2331 1038 2392 lumine
1053 2329 1163 2416 Titan,

409 2435 543 2500 Brumali
555 2437 677 2499 flectens
691 2443 869 2517 contorquet
884 2443 1018 2518 tempore
1033 2457 1168 2500 currum.

409 2544 475 2608 Hoc
491 2563 564 2607 cave
581 2550 611 2607 te
627 2551 719 2626 ponto
734 2548 854 2608 studeas
870 2550 1058 2610 committere
1071 2565 1187 2623 mense;

408 2653 486 2716 Nam
499 2674 559 2716 non
572 2655 772 2735 longinquum
785 2659 915 2736 spatium
929 2657 1030 2717 labere
1042 2657 1183 2717 diurnum
1195 2673 1203 2731 ;

407 2760 474 2822 Non
486 2761 613 2822 hiberna
625 2765 683 2823 cito
697 2764 834 2824 volvetur
850 2763 999 2824 curriculo
1012 2782 1088 2840 nox3

408 2865 543 2928 Humida
555 2887 616 2928 nou
629 2888 693 2931 sese
706 2873 811 2934 vestris
828 2891 937 2934 aurora
951 2873 1080 2950 querelis

410 2973 502 3036 Ocius
517 2976 668 3050 ostendet,
686 2978 760 3040 clari
782 2983 955 3059 prenuntia
973 2981 1059 3057 solis;

409 3082 449 3144 At
463 3084 567 3146 validis
579 3103 682 3164 oequor
695 3088 825 3166 pulsabit
838 3089 950 3150 viribus
966 3091 1075 3153 Auster
1088 3112 1095 3151 :

411 3193 491 3255 Tum
504 3195 600 3257 fixum
615 3197 746 3258 tremulo
761 3201 914 3276 quatietur
931 3199 1041 3274 frigore
1056 3217 1176 3280 corpus.

410 3297 467 3364 Sed
481 3309 582 3367 tamen
597 3309 667 3368 anni
676 3308 740 3386 jam
754 3307 899 3369 labuntur
916 3314 1051 3390 tempore
1064 3315 1143 3386 toto,

410 3411 472 3474 Nec
489 3416 538 3474 cui
550 3417 705 3490 signorum
720 3417 843 3490 cedunt,
860 3437 958 3496 neque
973 3419 1096 3481 flamina
1108 3421 1216 3494 vitant,

409 3520 472 3583 Nec
485 3526 624 3586 metuunt
637 3543 726 3587 canos
742 3527 892 3588 minitanti
909 3547 1065 3589 murmure
1080 3528 1199 3589 lluctus.

381 3743 419 3811 ln
435 3743 547 3838 primo
563 3764 665 3813 versu
688 3771 703 3809 ι
724 3742 856 3829 multis,
880 3771 896 3810 ι
920 3767 1027 3840 quum
1045 3745 1090 3815 sit
1105 3743 1198 3842 apud
1218 3745 1352 3816 aucto-¹

331 3885 405 3936 rem
430 3864 596 3952 ‹hinis,›
616 3866 843 3965 negligentius
858 3865 995 3940 excidit.
1009 3869 1142 3941 Tertius
1159 3891 1248 3966 aegre
1267 3891 1343 3940 sen·
1390 3909 1406 3946 ι

368 4109 404 4178 υ)
423 4109 523 4182 Noliba,
535 4113 597 4170 2⁸9.
