2866 4866
754 343 918 402 ..75-

285 560 289 568 ,
318 479 394 548 lam
415 497 494 558 vero
516 497 591 570 quae
614 496 731 546 rerum
754 475 865 573 maffl‘s
889 499 1051 574 expressa
1072 477 1171 551 lieret
1194 481 1345 580 imago,

319 623 424 698 quam
446 597 682 697 hujuscemodi
703 621 848 671 versus:

400 801 625 880 Saxaque-cana
637 801 706 865 salis
719 804 806 866 niveo
820 807 959 884 spumata
971 803 1102 884 liquore,
1119 810 1205 868 etet

321 999 383 1061 aut
403 1014 412 1061 τ

401 1186 483 1250 Cana
497 1187 589 1264 fulix,
608 1195 667 1252 etc.

401 1295 492 1360 Haud
506 1298 638 1364 modicos
655 1299 784 1360 tremulo
796 1297 926 1362 fundens
938 1319 956 1360 a
970 1305 1092 1375 puttme
1108 1307 1234 1366 cantus‘l

370 1509 527 1582 Alterum
546 1510 660 1584 locum
679 1511 723 1584 ob
741 1512 858 1586 oculos
876 1513 1100 1610 proponimus
1123 1512 1171 1610 (1)
1196 1539 1206 1586 :

404 1737 465 1800 Vos
479 1757 598 1816 quoque
611 1740 694 1812 signa
706 1739 826 1813 videtis,
843 1743 933 1816 aquai
945 1738 1041 1799 dulcis
1055 1737 1203 1812 alumnae,

404 1845 509 1921 Quum
523 1847 653 1909 clamore
665 1850 777 1928 paratis
791 1849 894 1910 inanes
907 1847 1035 1909 fundere
1047 1831 1149 1922 voces,

403 1955 600 2033 Absurdoque
615 1974 686 2017 sono
700 1954 797 2018 fontes
811 1960 841 2016 et
854 1960 960 2030 stagna
973 1957 1068 2016 cietis.

403 2063 488 2144 Saepe
502 2066 593 2125 etiam
608 2067 745 2144 pertriste
758 2066 837 2126 canit
851 2066 889 2126 de
904 2068 1023 2146 pectore
1036 2077 1177 2137 carmen,

400 2171 440 2233 Et
457 2175 611 2234 matutinis
628 2175 769 2235 acredula
784 2175 905 2236 vocibus
920 2177 1030 2249 instat,

399 2279 531 2340 Vocibus
543 2283 652 2356 instat,
666 2286 696 2342 et
710 2283 841 2344 assiduos
852 2284 924 2362 jacit
938 2303 990 2345 ore
1005 2283 1160 2362 querelas,

403 2387 511 2462 Quum
521 2390 653 2468 primum
667 2390 779 2464 gelidos
792 2409 875 2452 rores
889 2411 998 2454 aurora
1010 2393 1136 2454 remittit
1153 2411 1160 2452 :

403 2494 560 2574 Fuscaque
572 2515 807 2575 nonnunquam,
825 2518 946 2562 cursans
959 2519 1012 2580 per
1026 2500 1142 2574 littora,
1156 2498 1263 2559 cornix

404 2605 553 2667 Demersit
568 2579 658 2686 capit
672 2611 703 2668 et
716 2607 843 2678 lluctum
859 2611 973 2670 cervice
986 2610 1116 2688 recepit3

404 2713 637 2793 Mollipedesque
651 2715 741 2776 boves
756 2720 923 2794 spectantes
936 2717 1053 2780 lumina
1066 2716 1151 2789 eceli,

407 2822 536 2885 Naribus
549 2821 736 2892 bumiierum
750 2825 864 2886 duxere
881 2845 918 2888 ex
932 2845 1001 2888 aere
1022 2844 1157 2890 succum.

350 3112 351 3115 Ἴ
374 3030 547 3104 Prioribus
567 3031 639 3104 haec
656 3035 811 3130 proxime
830 3032 1061 3131 respondent,
1084 3043 1118 3104 ct
1134 3031 1241 3103 Arato
1261 3051 1344 3100 sane

328 3156 523 3229 detrimenti
544 3157 631 3229 nihil
651 3159 812 3230 afferunt.
838 3159 1064 3233 Mutationem
1084 3169 1201 3230 tamen
1224 3179 1343 3252 quam-

330 3279 411 3351 dam
433 3280 470 3350 in
498 3283 618 3376 primis
651 3281 756 3381 hujus
783 3280 847 3354 loci
880 3281 1037 3353 uersibus
1072 3279 1339 3354 animadvertas.

330 3405 466 3476 Graecus
492 3415 629 3492 auctor,
654 3418 694 3478 ut
719 3413 794 3504 jam
820 3407 1108 3502 praemonuimus,
1136 3403 1182 3478 ad
1207 3415 1342 3477 teneros

331 3553 453 3602 sensus
472 3531 632 3626 pronior,
654 3533 703 3604 sic
721 3531 922 3604 ramularum
936 3532 1146 3604 miseretur:

410 3731 471 3790 dut
488 3730 582 3803 magis
598 3731 713 3794 miserae
728 3732 900 3811 progenies,
918 3729 1021 3812 hydris
1036 3747 1117 3802 esca,

411 3839 542 3899 indidem
558 3857 595 3898 ex
610 3857 688 3916 aqua
703 3844 802 3918 patres
816 3841 941 3900 coaxant
955 3836 1143 3900 ranularum.

369 4095 405 4165 (l)
424 4094 530 4166 Nobbc,
546 4111 572 4152 v.
588 4099 649 4155 ato.
665 4125 700 4138 —·
714 4097 824 4168 lucus,
840 4111 863 4154 v.
879 4099 944 4155 tlt.
