2866 4866
746 399 909 461 ..78-

320 598 323 602 -
368 537 481 621 Quum
497 544 614 612 auteur
631 532 686 610 his
703 533 879 609 et'talibus
896 531 1052 630 legendis
1067 517 1248 620 immoror,
1276 537 1348 606 rni-

319 659 388 740 rari
404 657 497 736 soleo
510 656 603 755 quod
617 657 810 734 Macrobius
824 657 892 732 alia
910 657 1045 730 minore
1056 656 1171 729 studio
1188 657 1345 730 fortasse

320 783 425 881 digno
440 781 625 880 oolligous,
644 793 793 880 quatuor
805 783 944 858 omnino
962 781 1056 854 locos
1072 783 1192 868 affert,
1210 783 1345 878 quihus

319 907 500 1005 Virgilium
513 907 556 983 ub
569 908 644 1004 ipso
659 909 824 984 Cicerone
834 907 1001 984 nonnulla
1016 918 1215 981 mutuatum
1231 909 1344 980 fuisse

320 1032 511 1104 confirmet.
536 1033 671 1105 Evincit
693 1033 853 1131 equidem
879 1043 1017 1130 poetam
1040 1035 1078 1104 in
1103 1033 1158 1113 his
1180 1033 1343 1106 versibus

320 1155 494 1256 fingendis
509 1181 519 1230 ε

543 1355 569 1419 Ο
589 1356 671 1420 lama
684 1358 806 1434 iugens,
823 1359 971 1440 ingentior
983 1359 1084 1436 armis,

403 1465 457 1528 Vir
475 1467 601 1546 trojane.
1045 1445 1047 1452 Α

404 1672 562 1736 Proximus
579 1669 664 1746 huic,
684 1671 773 1746 longo
788 1671 838 1732 sed
852 1673 1007 1751 proximus
1024 1673 1193 1748 intervallo,

323 1877 500 1978 dialogos,
529 1880 727 1950 detonaret
751 1881 905 1965 Brutum,
925 1879 1092 1951 memoria
1114 1881 1289 1967 tenuisso;
1307 1893 1341 1954 et
1429 1857 1430 1860 Ἴ

322 2005 494 2078 Ciceronis
519 2027 657 2102 quoque
677 2003 830 2101 vestigiis
855 2004 1092 2091 insistentem,
1114 2004 1183 2078 duo
1206 2006 1337 2080 rerba:
1429 2021 1430 2026 ’

328 2128 571 2213 «umbracula,
582 2151 764 2212 vexasse»
779 2129 817 2202 in
832 2152 973 2203 sensum
987 2129 1174 2228 quemdam
1191 2132 1341 2228 peculie-

322 2277 397 2328 rem
414 2253 611 2330 detonsae,
634 2253 773 2330 Utinam
795 2276 876 2328 vero
893 2253 1085 2328 Macrobius
1103 2279 1122 2325 e
1139 2255 1241 2329 Tullii
1260 2280 1341 2330 car-

322 2375 475 2454 minibus
506 2375 609 2453 obria'
629 2375 786 2476 quedem
813 2375 1106 2474 deprompsisset,
1135 2403 1230 2475 quae,
1261 2405 1340 2454 oum

322 2501 518 2604 virgilianis
533 2499 669 2585 collata,
684 2501 772 2575 vatis
784 2502 963 2598 utriusque
979 2502 1118 2580 laudam
1129 2504 1341 2600 amplificare

322 2627 536 2723 potuissent,
556 2637 616 2696 aut
628 2622 758 2696 'saltem
785 2637 921 2700 servata
942 2651 1017 2699 rem
1037 2630 1207 2705 Ciceronis
1224 2633 1340 2727 poeti-

321 2775 398 2823 cam
417 2731 608 2834 adornare,
624 2761 659 2820 et
674 2751 801 2821 nostris
820 2752 1029 2846 quamdam,
1048 2753 1128 2827 licet
1144 2757 1336 2844 minorem,

322 2874 502 2948 desideriis
519 2872 691 2943 medelam
708 2873 854 2946 afferre!

372 2999 487 3081 Quum
514 2997 551 3066 in
575 2995 694 3067 multis
720 2997 816 3084 aliis,
844 3009 919 3071 tum
939 3003 976 3072 in
1002 3003 1215 3074 Phoeoomcois
1243 3015 1277 3076 et
1303 3006 1339 3077 in

322 3123 528 3213 Prognostica
545 3121 754 3216 presertim,
776 3123 959 3219 Virgilius,
980 3125 1141 3198 eumdem
1164 3137 1339 3199 auctorem
1429 3151 1430 3162 ¹

323 3269 431 3316 manu
445 3269 605 3332 versans,
622 3247 692 3318 acri
709 3249 896 3320 certamine
910 3251 1107 3323 Ciceronem
1121 3253 1339 3329 aemularetur

323 3373 394 3445 fere
412 3395 550 3443 necesse
567 3374 643 3445 luit.
665 3375 741 3460 Qua
758 3377 974 3459 contentione
992 3378 1076 3476 quid
1094 3380 1206 3478 magis
1224 3377 1268 3450 ad
1283 3378 1337 3450 la-
1428 3407 1430 3426 ⁴

324 3499 403 3570 tinae
413 3495 527 3593 poesis
539 3495 690 3567 studium
701 3497 930 3569 interfuisset!
944 3501 1043 3572 Nunc
1054 3500 1192 3597 planius
1204 3513 1337 3574 nostros

324 3631 406 3692 ante
434 3619 552 3692 ooulos
581 3619 841 3708 obversaretur,
871 3647 939 3718 quo
973 3623 1183 3697 sublimioris
1212 3627 1338 3723 ingenii
1428 3697 1430 3710 ,

325 3747 444 3820 afflatu
465 3753 540 3843 jam
567 3743 691 3817 florido
711 3746 872 3824 Tulliana
895 3771 1002 3825 musa
1030 3749 1196 3844 pubertas
1220 3763 1337 3824 matu-

326 3871 434 3942 riores
449 3868 590 3940 tandem
601 3867 731 3940 fructus
746 3869 916 3942 effuderit.
928 3872 1091 3944 Macrobii
1105 3885 1223 3946 tamen
1233 3877 1334 3960 tices,

327 3987 486 4090 ¹quamuis
501 3993 537 4061 in
555 3991 720 4075 minutis,
742 3991 900 4088 supplere
917 3991 1016 4064 nobis
1039 3993 1152 4068 liceat.

377 4122 547 4196 Ciceronis
573 4120 738 4205 emulus,
757 4120 854 4201 Arati
880 4123 1016 4220 quoque
1033 4127 1243 4220 Prognostica
1262 4139 1337 4202 stu-
