2866 4866
579 449 617 459 .-
638 415 676 474 87
700 447 739 464 ..

142 543 289 613 roniana'
307 541 530 638 dignoscendi
549 543 692 617 modum
703 567 815 640 supra
828 544 971 618 delinire
987 547 1154 621 studeba-

142 689 224 738 mus
234 722 245 751 ,,
261 690 305 738 *eo
316 673 390 765 jam
408 667 550 738 utimur.
833 671 835 675 ’

192 793 287 863 Hanc
307 791 479 888 duplicem
493 793 641 864 auctoris
651 791 821 884 laudandi
837 797 1005 868 rationem
1023 795 1134 868 discor

143 893 280 988 namui.
301 916 415 988 Attius
438 918 578 994 Homeri
596 924 672 1016 jam
696 919 930 1010 Aqememooao
955 921 992 990 in
1018 944 1156 993 scenam

142 1039 308 1112 traduxit.
330 1027 489 1114 Laudans
502 1043 606 1140 igitur
623 1045 825 1130 Homerum,
841 1043 902 1116 sed
916 1043 1066 1116 Attianis
1082 1069 1156 1118 ver-

142 1161 220 1250 his,
253 1175 428 1238 auctorem
454 1165 498 1238 ab
516 1167 703 1263 interprete
730 1167 846 1240 Cicero
873 1193 944 1240 nou
963 1169 1154 1267 sejungit:

116 1304 119 1308 ·
147 1315 165 1354 c
193 1290 297 1374 Hine,
316 1291 365 1362 ait
378 1347 388 1376 ‚
402 1290 619 1388 Agamemno
636 1293 836 1374 Homericus
857 1304 897 1365 et
925 1291 1027 1365 idem*
1040 1293 1157 1364 Attia-

145 1437 213 1486 nus
231 1441 240 1486 :

224 1584 367 1647 Scindens
380 1587 482 1649 dolore
495 1589 657 1651 identidem
673 1593 821 1652 intonsam
835 1609 953 1653 comem
971 1591 1022 1674 (1).
1039 1611 1056 1650 n

191 1765 305 1849 Quum
331 1778 447 1838 autem
463 1770 632 1864 interpres
643 1825 655 1858 ,
682 1772 797 1842 Attius
820 1783 880 1844 eut
910 1773 1021 1868 quivis
1048 1773 1154 1859 alius,

142 1886 277 1975 deficit,
304 1915 453 1988 graecum
479 1902 655 1964 auctorem
684 1895 799 1965 Cicero
823 1905 959 1967 tentum
977 1897 1155 1997 appellet:

148 2041 164 2080 c
187 2015 232 2086 Ut
248 2015 296 2086 ait
314 2017 482 2110 Homerus
502 2015 552 2112 de1
561 2016 824 2112 Bellerophonte
839 2043 848 2089 ι

222 2211 282 2287 Qui
296 2215 385 2276 miser
396 2218 427 2276 in
442 2218 555 2296 campis
575 2235 706 2278 moereus
720 2217 839 2278 errabat
855 2217 952 2291 Aleis,

222 2315 289 2403 Ipie
301 2343 391 2386 suurn
405 2343 455 2386 cor
467 2327 568 2400 edens,
584 2326 743 2388 hominum
755 2328 882 2402 vestigia
894 2328 993 2389 vitans
1005 2324 1057 2410 (2).
1076 2345 1093 2385 »

189 2508 266 2579 Non
282 2505 399 2592 aliter,
430 2517 491 2577 aut
517 2507 711 2602 expressius
731 2509 854 2591 etiam,
890 2531 927 2578 se
960 2520 1157 2580 convertere

138 2629 309 2726 signifieat
326 2629 382 2700 his
395 2628 534 2700 verbis:
559 2657 575 2696 c
598 2630 679 2713 Quae
694 2627 786 2725 apud
799 2631 988 2699 Homerum
1001 2628 1152 2703 Achilles

139 2757 314 2852 queritur,
333 2755 421 2839 hoc,
439 2765 479 2826 ut
498 2755 642 2851 opinor,
662 2753 792 2825 modo:

219 2930 338 3008 Corque
351 2948 454 2992 meum
468 2931 587 3009 penitus
599 2930 744 3003 turgescit
759 2903 900 2991 tristibus
908 2928 969 3001 iris,

216 3037 620 3128 *Quumdecoreatqueomni
630 3057 679 3099 me
687 3037 921 3122 orbatumleude
930 3034 1151 3119 recordor[3];n

139 3222 253 3292 autin
271 3221 421 3293 secundo
434 3223 483 3291 Dc
493 3224 681 3292 delaecione
698 3245 708 3292 z
726 3247 742 3288 e
759 3219 806 3290 At
822 3219 1023 3292 Homericus
1039 3218 1148 3318 Ajax,

139 3344 233 3442 apud
263 3344 432 3416 Achillem
463 3367 611 3441 querens
645 3343 689 3418 de
719 3343 894 3415 ferocitate
927 3345 1151 3442 Trojauorum

139 3472 254 3546 nescio
270 3469 377 3566 quid,
398 3469 463 3541 hoc
481 3469 583 3542 modo
600 3469 758 3541 nuntiat:

221 3665 364 3746 Prospere
375 3664 391 3726 J
394 3667 492 3746 opiter
499 3666 546 3726 his
556 3665 667 3725 dextris
677 3663 843 3737 fulgoribus
857 3663 917 3725 edit
932 3659 983 3744 (l).
994 3681 1010 3721 n

175 3872 212 3941 (t)
233 3869 354 3939 wecel,
371 3875 398 3940 3,
412 3873 456 3930 26.

174 3967 211 4037 (2)
230 3965 312 4036 reid„
330 3971 356 4037 3,
370 3970 415 4024 26.
430 3967 523 4038 Iliad,
538 3972 564 4038 6,
580 3971 642 4024 200.

176 4069 212 4136 (3)
231 4063 314 4135 Iota,
329 4068 355 4134 3,
371 4067 397 4120 9.
412 4063 506 4134 Iliad,
518 4069 545 4135 9,
559 4067 620 4121 dle.

176 4162 212 4231 (t)
234 4161 269 4214 De
283 4159 390 4229 diost,
403 4162 446 4216 39.
