2836 4880
525 342 684 400 ..q-1...

175 475 254 535 Tum
268 473 347 548 iore,
363 478 399 535 ut
412 473 544 535 occultos
558 475 687 554 populus
700 479 877 552 sanctusque
891 481 1010 538 senatus

175 583 304 646 Cernere
322 591 445 644 conatus
459 587 571 662 posset,
589 587 631 660 si,
650 585 718 646 solis
733 585 884 646 adortum

177 689 338 763 Conversa,
357 691 425 750 inde
440 694 562 770 patrum
579 691 663 752 sedes
680 691 841 773 populique
854 693 981 752 videret.

176 797 248 860 Haec
263 799 380 860 tardata
392 800 444 858 diu
460 801 572 879 species
587 775 927 878 multumque‘morata,

175 905 303 966 Consule
317 909 348 966 te
362 907 483 966 tandem
494 899 574 966 'celsa
590 907 634 967 est
648 909 679 967 in
694 908 762 968 sede
778 907 895 984 locata3

176 1013 277 1092 Atque
291 1034 352 1075 una
366 1015 417 1076 fixi
433 1035 466 1076 ac
484 1018 592 1089 signati
604 1019 747 1096 temporis
763 1019 858 1092 hora,

175 1122 292 1204 Jupiter
305 1125 421 1188 excelsa
433 1125 566 1186 clarabat
580 1130 698 1205 sceptra
711 1127 870 1202 columna3

177 1237 221 1298 Ac
234 1236 333 1298 clades
348 1237 453 1314 patriae
470 1227 594 1298 flamma
606 1235 746 1314 ferroque
758 1241 884 1316 parata,

177 1341 306 1406 Vocibus
319 1345 516 1420 Allobrogum
531 1347 665 1425 patribus
676 1347 847 1426 populoque
861 1347 1023 1426 patebat...

143 1597 205 1668 Hio
223 1608 340 1670 autern
354 1598 523 1683 consisto,
545 1621 589 1669 ne
605 1597 782 1670 fastidium
800 1596 926 1695 legenti
938 1619 1109 1682 moveam,

93 1723 171 1818 ipse
195 1723 295 1795 taedio
314 1723 439 1796 fessus.
460 1726 530 1795 Nec
552 1725 765 1795 committam
784 1734 823 1794 ut
841 1723 1010 1819 reliquam
1031 1747 1114 1795 ora-

95 1847 201 1918 tionis
236 1859 369 1943 partem
399 1872 479 1918 cum
511 1847 707 1919 istiusmodi
737 1847 894 1919 versibus
924 1849 1110 1920 conferam.

14 1998 20 2009 ·
94 1971 338 2068 indignaretur
357 1973 450 2043 enim
469 1973 599 2057 Cicero,
614 1983 648 2042 et
664 1973 737 2067 ipse
754 1973 812 2042 vix
827 1973 979 2056 Ennius,
995 1973 1031 2042 in
1048 1971 1115 2043 de·-

95 2095 248 2168 terrimis
258 2095 360 2181 locis,
375 2095 480 2166 talem
497 2095 660 2166 amulum
672 2095 737 2166 sibi
750 2095 909 2190 componi
922 2105 1111 2190 pateretur.

96 2221 160 2292 Hic
180 2221 272 2292 enim
287 2221 370 2293 vitia
394 2229 538 2291 scatent.
560 2219 661 2290 Nulla
680 2219 865 2292 verborum
881 2219 1112 2304 concinnitas,

97 2344 193 2416 nulla
217 2345 400 2418 modorum
423 2347 570 2417 varietas
591 2356 625 2416 et
642 2345 823 2431 mollities,
846 2346 961 2417 nullus
987 2348 1116 2444 imagi-

99 2493 185 2542 num
213 2469 409 2566 splendor:
437 2471 553 2540 omnia
578 2469 792 2564 ponderosa,
822 2494 965 2564 aspera,
994 2471 1115 2542 eodem

99 2604 219 2666 tenore
244 2594 442 2678 trahuntur,
471 2592 575 2663 simili
603 2591 756 2663 clausula
785 2592 925 2662 cadunt.
956 2593 1112 2688 Ubique,

98 2719 194 2791 velut
210 2719 351 2790 invado
369 2719 481 2789 autin
499 2718 666 2814 angustiis
685 2727 887 2788 estuantem
905 2728 1043 2812 poetam
1060 2717 1117 2789 de-

100 2840 286 2938 prehendis
305 2852 340 2913 et
356 2841 471 2925 doles;
491 2840 612 2911 eadem
629 2863 765 2936 semper
774 2840 937 2936 pauperie
953 2839 1116 2925 luxuriat,

103 2977 138 3040 et
153 2967 277 3040 iisdem
293 2967 417 3062 pannis
433 2966 558 3037 misere
572 2964 749 3062 gloriatur.
770 2963 1012 3037 Redundantia
1030 2989 1118 3062 sup-

102 3089 237 3186 plendis
258 3089 414 3161 versibus
436 3088 542 3160 verba
566 3111 701 3183 semper
723 3089 896 3185 geminat,
917 3098 951 3159 et
974 3089 1118 3187 indigna

102 3215 273 3312 farragine
300 3215 479 3311 gravescit.
500 3213 565 3285 Ubi
581 3237 662 3284 vero
678 3214 830 3308 primum
848 3212 1029 3286 sublimius
1049 3216 1118 3288 ali-

104 3340 192 3436 quid
205 3351 361 3424 conatur,
380 3338 490 3412 tribus
508 3340 648 3410 omnino
664 3337 778 3409 verbis
796 3335 840 3408 ad
860 3361 1026 3409 nauseam
1048 3339 1118 3410 ite-

103 3466 207 3550 ratis,
237 3475 274 3536 ct
297 3488 398 3536 aures
429 3463 650 3535 onerantibus
670 3463 778 3533 utitur
798 3487 807 3534 ε
828 3461 943 3548 ardor,
975 3463 1114 3549 clarus,

103 3589 316 3661 flammatus.
339 3591 417 3661 Hac
440 3589 603 3660 orationis
628 3587 760 3660 lumina
784 3587 934 3684 profert3
955 3587 1009 3658 his
1030 3613 1118 3660 con-

105 3723 223 3784 tentus
243 3714 438 3808 acquiescit.

155 3838 253 3908 Nunc
273 3852 373 3922 vcro,
400 3839 429 3908 si
451 3835 550 3908 nobis
571 3832 683 3930 placet
704 3835 769 3906 iter
790 3846 883 3906 retro
904 3843 1057 3920 vertere,
1082 3847 1118 3908 et

106 3965 198 4036 hanc
223 3961 267 4032 ab
289 3961 425 4034 exordio
450 3949 716 4034 controversiam
740 3971 915 4056 repetere,
941 3959 1023 4055 quid
1042 3966 1116 4058 jam

108 4086 326 4160 conclusione
347 4085 524 4181 complecti
544 4084 663 4182 potes?
686 4087 825 4182 Propria
845 4085 1015 4159 Ciceronis
1036 4109 1117 4159 car·
1174 4065 1180 4076 ⁸
