2836 4880
702 361 859 420 „24-

346 499 494 560 Blanditia
506 499 633 568 certare,
646 495 764 556 'bonurn
777 493 918 559 simulare
931 499 1031 558 virum
1046 515 1088 570 se,

345 605 470 668 Insidias
482 602 592 676 iacere,
609 607 644 664 ut
659 603 683 663 si
696 603 796 664 hostes
815 605 873 664 sint
887 603 1027 666 omnibus
1039 621 1154 666 omnes.

315 819 430 903 Quum
442 819 491 889 ita
503 816 686 916 cujuslibet
704 819 814 890 atatis
834 819 1016 904 homines,
1039 830 1073 890 et
1089 816 1281 890 hodiernos

266 946 431 1028 fortasse,
455 967 537 1014 vera
563 943 713 1015 Lucilius
742 945 913 1042 imagine,
944 957 978 1017 et
996 969 1115 1042 pressa
1139 944 1284 1042 quidem

267 1069 421 1140 oratione
438 1066 519 1137 ielir
535 1066 691 1151 infamat,
709 1068 758 1138 sic
775 1065 1010 1165 indignatione
1021 1092 1091 1140 non
1101 1067 1237 1140 nlinore
1251 1077 1286 1138 et

268 1196 302 1266 vi
318 1193 449 1266 comica
467 1191 596 1290 gulosis
614 1202 733 1263 notam
753 1193 884 1264 inurit:
939 1245 942 1251 -

351 1390 449 1452 Vivite
462 1391 618 1465 lurcones,
635 1391 822 1464 comedones,
845 1393 935 1452 vivite
948 1403 1069 1481 ventres.

270 1581 369 1683 Quod
385 1581 542 1666 verbmn,
562 1605 671 1676 usque
689 1605 826 1666 reeens,
849 1581 935 1654 adeo
957 1584 1155 1680 nuperrime
1172 1581 1286 1658 llore-

271 1709 344 1793 bat,
364 1719 405 1780 ut
419 1708 580 1778 hesterno
599 1704 657 1777 vix
674 1705 838 1778 exciderit
854 1733 933 1779 usu.

319 1832 434 1905 Fuerit
449 1832 554 1928 igitur
571 1829 720 1902 Lucilius
739 1830 883 1917 facetus,
906 1842 1075 1904 emunctae
1093 1833 1208 1917 naris,

354 2053 438 2116 Illius
451 2053 574 2118 fortasse
588 2061 642 2118 aut
655 2075 759 2118 rernm
774 2055 850 2115 dura
864 2055 984 2128 negavit

355 2165 523 2226 Versiculos
535 2171 644 2227 natura
659 2168 756 2240 magis
774 2165 867 2226 iactos
880 2169 911 2226 et
926 2170 1033 2227 euntes

245 2305 246 2308 κ
354 2272 486 2334 Mollius.

276 2481 375 2555 Unde
390 2482 430 2553 fit
448 2494 500 2567 ut,
515 2484 548 2554 si
564 2483 705 2580 poeticae
721 2483 847 2582 linguae
863 2484 1018 2556 Ciceroni
1035 2507 1171 2579 quoque
1183 2483 1291 2554 fuerit

275 2615 411 2690 auctor,
423 2605 579 2702 exempla
590 2605 757 2703 discipulo
773 2618 864 2678 certe
875 2606 1083 2702 perficienda
1095 2606 1287 2702 reliquerit.

323 2732 519 2802 Lucretium
533 2756 624 2802 nunc
643 2733 922 2816 transmittimus,
942 2733 1001 2826 qui
1025 2755 1133 2827 quum
1147 2725 1291 2804 Cicero-

275 2855 330 2926 nis
348 2853 517 2926 exetiterit
533 2853 688 2948 aequalis,
708 2854 828 2926 eodem
843 2866 996 2951 tempore
1018 2854 1184 2941 scribens,
1202 2857 1288 2928 artis

276 3003 347 3052 suae
362 2976 543 3074 disciplina
559 2977 708 3049 Tullium
732 2979 876 3053 fortasse
905 3004 975 3052 non
1001 2979 1138 3052 erudiit.
1166 2981 1205 3050 In
1221 2980 1289 3053 hac

277 3116 393 3175 tamen
410 3103 599 3198 quastione
615 3102 706 3172 inira
720 3103 947 3175 versabimur.

324 3227 387 3300 ldis
402 3249 485 3324 ergo
498 3227 732 3324 praemonitis‚
754 3228 951 3300 Ciceronem
972 3227 1113 3327 aggredi
1121 3235 1233 3326 juvat,
1247 3238 1288 3299 ut

277 3353 465 3432 aestimetur
492 3363 621 3454 quanta
645 3351 778 3447 peritus
801 3362 874 3423 arte
898 3353 1082 3425 verborum
1109 3353 1289 3448 antiquam
1365 3415 1369 3426 .

276 3476 470 3575 rubiginem
490 3474 691 3561 deterserit,
711 3485 753 3548 et'
769 3487 943 3572 quaeratur
960 3488 1077 3548 utrum
1096 3477 1289 3573 priscivim

276 3603 405 3699 ingenii
415 3613 450 3674 et
464 3624 585 3673 versus
599 3599 728 3672 heroici
744 3599 875 3672 cultum
890 3601 1092 3698 aequaverit,
1107 3601 1292 3672 autetiam

278 3724 485 3820 perficiendo
500 3723 670 3822 poetieam
687 3725 909 3820 promoverit.
