2836 4880
445 449 447 454 .
562 408 725 468 ..59-

31 532 34 542 ’
130 542 304 640 monentis
321 551 355 612 et
367 540 544 612 sententiis
565 539 754 623 offecerint,
770 537 859 636 stylo
871 560 1008 634 quoq-ue
1025 536 1143 608 damni

130 667 301 752 nonnihil,
321 677 360 738 ut
380 667 576 761 opinamur,
598 665 799 737 attulerunt.
819 663 967 748 Quodsi
986 664 1143 758 nonipsa

129 799 324 891 conjectura
340 789 517 886 probabile
539 796 614 888 jam
642 789 757 874 fieret,
779 789 893 885 reipsa
918 786 1143 884 comproben-

130 916 215 988 dum
231 939 306 987 esse
323 914 422 986 nohis
441 913 627 986 videretur.
651 917 742 986 Dum
769 915 862 996 enirn
881 914 918 984 in
934 912 1143 984 carminibus

129 1038 283 1114 Ciceroni
301 1041 462 1137 propriis,
482 1040 577 1112 nullo
593 1037 737 1123 colore,¹
749 1039 844 1112 nullo
864 1063 965 1111 succo
985 1038 1144 1134 splendet

129 1177 164 1238 01
179 1166 332 1238 luxuriat
350 1167 479 1250 oratio;
505 1166 597 1237 iniis
619 1185 696 1262 quae
713 1165 880 1236 convert't
897 1175 956 1234 aut
972 1165 1140 1247 imitetur,

50 1277 52 1282 ’
129 1287 219 1387 stylo
241 1308 492 1384 nonnunquam
517 1290 657 1385 sanguis
684 1285 821 1371 influit,
854 1285 973 1356 lacerti
1002 1284 1144 1380 quidam

129 1421 354 1494 exseruntur,
389 1411 532 1506 spiritus
565 1409 691 1505 aliquis
707 1465 723 1494 ,
749 1419 864 1480 motus
896 1418 931 1480 et
962 1408 1033 1478 vita
1061 1417 1145 1477 1011-

129 1533 209 1606 110111
241 1547 421 1632 apparent.
457 1537 562 1633 Cujus
592 1533 801 1622 discriminis
837 1555 912 1630 quae
942 1556 1046 1604 causa
1070 1539 1145 1630 jam

128 1659 244 1730 0110111
260 1656 397 1755 potest?
413 1661 491 1730 Haec
503 1658 577 1730 sola
589 1658 676 1729 mihi
689 1657 868 1755 probanda
882 1655 1035 1740 videtur,
1052 1653 1145 1751 quod

128 1784 259 1856 scilicet
286 1785 425 1870 Cicero,
452 1785 722 1880 quotiescunque
751 1785 869 1854 afflatu
894 1783 1033 1878 proprio
1056 1803 1145 1876 poe*

128 1911 196 1982 sim
217 1909 429 2007 aggreditur,
446 1918 485 1980 ut
505 1903 584 2004 pote
599 1909 658 2002 qui
681 1919 806 1978 natura
827 1907 1015 2002 prasertim
1035 1907 1145 1976 exsti-

127 2033 209 2104 terit
220 2042 347 2116 orator,
363 2055 465 2104 suurn
477 2055 548 2102 non
562 2031 739 2127 ingenium
751 2029 897 2113 excedit;
910 2051 1019 2124 quum
1028 2040 1144 2100 autern

126 2157 230 2226 certis
257 2155 508 2252 exemplaribus
527 2154 696 2226 incumbit
722 2166 756 2225 et
772 2155 997 2237 immoratur,
1024 2153 1144 2248 paulu-

126 2277 200 2349 lum
224 2279 390 2374 assurgit,
412 2289 446 2349 et
468 2301 554 2373 quas
572 2277 765 2374 ingenitas,
795 2275 857 2348 sed
881 2263 1059 2346 inferiores
1083 2274 1143 2344 ha·

123 2400 201 2487 bet,
221 2403 373 2498 poeticas
388 2404 536 2475 virtutes
554 2403 679 2474 excitat
695 2413 730 2473 et
743 2402 847 2474 altius
863 2401 989 2474 evehit.

174 2528 257 2611 Quae
275 2539 393 2599 nostro
412 2529 586 2624 proposito
606 2529 848 2624 congruentia,
868 2539 908 2598 ut
924 2515 1140 2599 manifestius

126 2653 366 2749 explanantur,
382 2651 474 2749 quod
487 2653 589 2724 fuerit
604 2652 752 2748 propriis
764 2653 917 2724 Ciceroni
930 2652 1139 2725 carminibus

126 2777 298 2851 scribendi
325 2801 451 2875 genus,
481 2800 573 2849 nunc
603 2777 771 2875 attingere
796 2776 908 2848 110001.
940 2778 1067 2848 Caetera
1097 2777 1140 2848 de

125 2905 258 3001 poetico
282 2905 453 2976 Ciceronis
471 2901 606 2999 eloquio
624 2904 851 2987 disseremus,
872 2925 980 2998 quum
1000 2925 1040 2973 00
1065 2927 1140 2998 quae

125 3029 293 3102 convertit
314 3040 374 3100 aut
398 3029 552 3100 imitatus
577 3041 647 3113 est,
671 3029 708 3100 in
724 3029 881 3124 proximo
899 3029 1009 3124 eapite
1025 3049 1140 3098 recen-

126 3153 306 3226 sebuntur.

174 3281 213 3350 ln
225 3278 396 3376 fingendis
408 3278 617 3350 carminibus
629 3278 767 3350 sibimet
782 3277 887 3348 etiam
898 3277 1013 3372 impar
1022 3275 1138 3347 Cicero

124 3414 226 3500 poeta
235 3403 384 3488 videtur,
399 3427 508 3498 quum
520 3405 657 3502 ingenio
673 3402 812 3475 condita
821 3403 963 3498 proprio
972 3401 1135 3486 fundens,

125 3554 196 3602 non
211 3531 358 3602 aliorum
375 3530 493 3600 afflatu
506 3531 707 3601 concitatur.
722 3533 815 3601 Tune
829 3528 880 3600 illi
890 3536 967 3625 'qua
985 3527 1138 3622 turpiore

126 3665 208 3725 11010
225 3653 454 3737 celebrantur,
474 3653 597 3748 sapius
616 3651 790 3723 excidunt.

175 3780 227 3848 Ex
245 3779 320 3874 ipso
344 3779 514 3851 Ciceronis
535 3765 708 3872 tempore,
727 3801 846 3849 versus
869 3773 919 3847 illi
938 3774 1024 3860 duo,
1050 3798 1136 3870 quos

7 3979 9 3984 ,
121 3911 197 4002 jam
227 3905 426 4001 attigimus,
460 3902 700 3999 exploduntur.
733 3903 826 3986 Quos
850 3900 1017 3984 Voltairc,
1052 3899 1136 3971 dum

127 4027 300 4099 Ciceronis
321 4029 449 4098 crimen
476 4027 608 4100 elevare
633 4027 818 4099 studiosius
840 4023 1001 4110 exardet,
1029 4047 1136 4095 exeu-

127 4153 259 4224 saticnc
269 4175 333 4222 sua
341 4173 483 4248 prorsus
495 4153 685 4224 infamavit.
695 4153 808 4248 Fingit
821 4151 913 4222 enim
928 4151 1077 4246 aliquem
1085 4147 1136 4219 Ci-
