<?xml version="1.0" encoding="UTF-8"?>
<!DOCTYPE html PUBLIC "-//W3C//DTD XHTML 1.0 Transitional//EN"
    "http://www.w3.org/TR/xhtml1/DTD/xhtml1-transitional.dtd">
<html xmlns="http://www.w3.org/1999/xhtml" xml:lang="en" lang="en">
 <head>
  <title>
</title>
<meta http-equiv="Content-Type" content="text/html;charset=utf-8" />
  <meta name='ocr-system' content='tesseract 3.04.00' />
  <meta name='ocr-capabilities' content='ocr_page ocr_carea ocr_par ocr_line ocrx_word'/>
</head>
<body>
  <div class='ocr_page' id='page_1' title='image "./depoeticamtulli01fagugoog_0082.png"; bbox 0 0 2866 4866; ppageno 0'>
   <div class='ocr_carea' id='block_1_1' title="bbox 718 345 821 398">
    <p class='ocr_par' dir='ltr' id='par_1_1' title="bbox 718 345 821 398">
     <span class='ocr_line' id='line_1_1' title="bbox 718 345 821 398; baseline 0 0"><span class='ocrx_word' id='word_1_1' title='bbox 718 345 821 398; x_wconf 73' lang='lat'><strong>-72</strong></span> 
     </span>
    </p>
   </div>
   <div class='ocr_carea' id='block_1_2' title="bbox 369 474 1111 664">
    <p class='ocr_par' dir='ltr' id='par_1_2' title="bbox 369 474 1111 664">
     <span class='ocr_line' id='line_1_2' title="bbox 373 474 1040 555; baseline -0.007 -16"><span class='ocrx_word' id='word_1_2' title='bbox 373 478 412 540; x_wconf 91' lang='lat' dir='ltr'><strong>Et</strong></span> <span class='ocrx_word' id='word_1_3' title='bbox 420 477 544 555; x_wconf 85' lang='lat' dir='ltr'><strong>jamjam</strong></span> <span class='ocrx_word' id='word_1_4' title='bbox 562 480 622 536; x_wconf 88' lang='lat' dir='ltr'><strong>toto</strong></span> <span class='ocrx_word' id='word_1_5' title='bbox 637 476 778 554; x_wconf 90' lang='lat' dir='ltr'><strong>prooessit</strong></span> <span class='ocrx_word' id='word_1_6' title='bbox 795 491 919 554; x_wconf 87' lang='lat' dir='ltr'><strong>corpore</strong></span> <span class='ocrx_word' id='word_1_7' title='bbox 933 474 1040 550; x_wconf 79' lang='lat' dir='ltr'><strong>Virgo;</strong></span> 
     </span>
     <span class='ocr_line' id='line_1_3' title="bbox 369 583 1111 664; baseline -0.001 -20"><span class='ocrx_word' id='word_1_8' title='bbox 369 583 442 644; x_wconf 69' lang='lat' dir='ltr'><strong>Haeo</strong></span> <span class='ocrx_word' id='word_1_9' title='bbox 453 583 587 644; x_wconf 90' lang='lat' dir='ltr'><strong>medium</strong></span> <span class='ocrx_word' id='word_1_10' title='bbox 602 583 730 644; x_wconf 78' lang='lat' dir='ltr'><strong>ostendit</strong></span> <span class='ocrx_word' id='word_1_11' title='bbox 743 583 859 646; x_wconf 83' lang='lat' dir='ltr'><strong>radiato</strong></span> <span class='ocrx_word' id='word_1_12' title='bbox 872 585 971 664; x_wconf 79' lang='lat' dir='ltr'><strong>stipite</strong></span> <span class='ocrx_word' id='word_1_13' title='bbox 984 583 1111 646; x_wconf 86' lang='lat' dir='ltr'><strong>malum.</strong></span> 
     </span>
    </p>
   </div>
   <div class='ocr_carea' id='block_1_3' title="bbox 288 771 1310 1120">
    <p class='ocr_par' dir='ltr' id='par_1_3' title="bbox 288 771 1310 1120">
     <span class='ocr_line' id='line_1_4' title="bbox 337 771 1310 870; baseline -0.001 -27"><span class='ocrx_word' id='word_1_14' title='bbox 337 774 414 844; x_wconf 83' lang='lat' dir='ltr'><strong>Haec</strong></span> <span class='ocrx_word' id='word_1_15' title='bbox 430 773 581 870; x_wconf 90' lang='lat' dir='ltr'><strong>primum</strong></span> <span class='ocrx_word' id='word_1_16' title='bbox 610 773 772 845; x_wconf 89' lang='lat' dir='ltr'><strong>universa</strong></span> <span class='ocrx_word' id='word_1_17' title='bbox 788 795 925 844; x_wconf 91' lang='lat' dir='ltr'><strong>summa</strong></span> <span class='ocrx_word' id='word_1_18' title='bbox 951 771 1021 844; x_wconf 86' lang='lat' dir='ltr'><strong>lide</strong></span> <span class='ocrx_word' id='word_1_19' title='bbox 1040 793 1207 843; x_wconf 88' lang='lat' dir='ltr'><strong>conversa</strong></span> <span class='ocrx_word' id='word_1_20' title='bbox 1232 771 1310 843; x_wconf 91' lang='lat' dir='ltr'><strong>mi-</strong></span> 
     </span>
     <span class='ocr_line' id='line_1_5' title="bbox 288 896 1308 995; baseline 0 -26"><span class='ocrx_word' id='word_1_21' title='bbox 288 921 419 970; x_wconf 86' lang='lat' dir='ltr'><strong>ramur.</strong></span> <span class='ocrx_word' id='word_1_22' title='bbox 453 897 626 970; x_wconf 83' lang='lat' dir='ltr'><strong>Nonnulla</strong></span> <span class='ocrx_word' id='word_1_23' title='bbox 656 921 738 970; x_wconf 87' lang='lat' dir='ltr'><strong>vero</strong></span> <span class='ocrx_word' id='word_1_24' title='bbox 771 922 841 970; x_wconf 91' lang='lat' dir='ltr'><strong>non</strong></span> <span class='ocrx_word' id='word_1_25' title='bbox 871 897 1007 969; x_wconf 82' lang='lat' dir='ltr'><strong>Arateis</strong></span> <span class='ocrx_word' id='word_1_26' title='bbox 1036 908 1173 969; x_wconf 88' lang='lat' dir='ltr'><strong>tantum</strong></span> <span class='ocrx_word' id='word_1_27' title='bbox 1201 896 1308 995; x_wconf 86' lang='lat' dir='ltr'><strong>longe</strong></span> 
     </span>
     <span class='ocr_line' id='line_1_6' title="bbox 290 1020 1308 1120; baseline -0.002 -26"><span class='ocrx_word' id='word_1_28' title='bbox 290 1033 472 1119; x_wconf 75' lang='lat' dir='ltr'><strong>prestant,</strong></span> <span class='ocrx_word' id='word_1_29' title='bbox 499 1021 561 1094; x_wconf 90' lang='lat' dir='ltr'><strong>sed</strong></span> <span class='ocrx_word' id='word_1_30' title='bbox 588 1021 631 1094; x_wconf 89' lang='lat' dir='ltr'><strong>ab</strong></span> <span class='ocrx_word' id='word_1_31' title='bbox 655 1023 739 1119; x_wconf 90' lang='lat' dir='ltr'><strong>ipsis</strong></span> <span class='ocrx_word' id='word_1_32' title='bbox 767 1021 963 1120; x_wconf 82' lang='lat' dir='ltr'><strong>Virgilianis</strong></span> <span class='ocrx_word' id='word_1_33' title='bbox 991 1045 1061 1094; x_wconf 92' lang='lat' dir='ltr'><strong>non</strong></span> <span class='ocrx_word' id='word_1_34' title='bbox 1087 1020 1173 1094; x_wconf 91' lang='lat' dir='ltr'><strong>adeo</strong></span> <span class='ocrx_word' id='word_1_35' title='bbox 1203 1045 1308 1094; x_wconf 89' lang='lat' dir='ltr'><strong>rece-</strong></span> 
     </span>
    </p>
   </div>
   <div class='ocr_carea' id='block_1_4' title="bbox 292 1148 891 1369">
    <p class='ocr_par' dir='ltr' id='par_1_4' title="bbox 292 1148 891 1369">
     <span class='ocr_line' id='line_1_7' title="bbox 292 1148 392 1222; baseline -0.02 0"><span class='ocrx_word' id='word_1_36' title='bbox 292 1148 392 1222; x_wconf 90' lang='lat' dir='ltr'><strong>dunt.</strong></span> 
     </span>
     <span class='ocr_line' id='line_1_8' title="bbox 337 1270 891 1369; baseline -0.002 -26"><span class='ocrx_word' id='word_1_37' title='bbox 337 1270 570 1344; x_wconf 83' lang='lat' dir='ltr'><strong>Obversantur</strong></span> <span class='ocrx_word' id='word_1_38' title='bbox 588 1271 680 1342; x_wconf 89' lang='lat' dir='ltr'><strong>onim</strong></span> <span class='ocrx_word' id='word_1_39' title='bbox 696 1271 733 1342; x_wconf 91' lang='lat' dir='ltr'><strong>in</strong></span> <span class='ocrx_word' id='word_1_40' title='bbox 749 1294 859 1369; x_wconf 81' lang='lat' dir='ltr'><strong>graeco</strong></span> <span class='ocrx_word' id='word_1_41' title='bbox 882 1297 891 1342; x_wconf 77' lang='grc' dir='ltr'>ε</span> 
     </span>
    </p>
   </div>
   <div class='ocr_carea' id='block_1_5' title="bbox 372 1494 1222 2217">
    <p class='ocr_par' dir='ltr' id='par_1_5' title="bbox 372 1494 1222 2217">
     <span class='ocr_line' id='line_1_9' title="bbox 654 1494 975 1576; baseline -0.003 -18"><span class='ocrx_word' id='word_1_42' title='bbox 654 1496 733 1576; x_wconf 76' lang='lat' dir='ltr'><strong>Lyra</strong></span> <span class='ocrx_word' id='word_1_43' title='bbox 746 1499 814 1558; x_wconf 91' lang='lat' dir='ltr'><strong>tum</strong></span> <span class='ocrx_word' id='word_1_44' title='bbox 828 1494 975 1576; x_wconf 78' lang='lat' dir='ltr'><strong>Cyllenia,</strong></span> 
     </span>
     <span class='ocr_line' id='line_1_10' title="bbox 373 1604 1101 1688; baseline 0.003 -22"><span class='ocrx_word' id='word_1_45' title='bbox 373 1611 403 1667; x_wconf 92' lang='lat' dir='ltr'><strong>et</strong></span> <span class='ocrx_word' id='word_1_46' title='bbox 419 1605 583 1688; x_wconf 86' lang='lat' dir='ltr'><strong>Delphinus</strong></span> <span class='ocrx_word' id='word_1_47' title='bbox 598 1607 737 1668; x_wconf 88' lang='lat' dir='ltr'><strong>occidunt</strong></span> <span class='ocrx_word' id='word_1_48' title='bbox 749 1611 780 1667; x_wconf 91' lang='lat' dir='ltr'><strong>et</strong></span> <span class='ocrx_word' id='word_1_49' title='bbox 792 1604 957 1668; x_wconf 74' lang='lat' dir='ltr'><strong>fabrefacta</strong></span> <span class='ocrx_word' id='word_1_50' title='bbox 970 1605 1101 1682; x_wconf 75' lang='lat' dir='ltr'><strong>Sagitta3</strong></span> 
     </span>
     <span class='ocr_line' id='line_1_11' title="bbox 372 1715 1192 1798; baseline -0.001 -20"><span class='ocrx_word' id='word_1_51' title='bbox 372 1737 442 1778; x_wconf 92' lang='lat' dir='ltr'><strong>cum</strong></span> <span class='ocrx_word' id='word_1_52' title='bbox 455 1718 564 1796; x_wconf 90' lang='lat' dir='ltr'><strong>quihus</strong></span> <span class='ocrx_word' id='word_1_53' title='bbox 579 1715 675 1796; x_wconf 80' lang='lat' dir='ltr'><strong>Cygni</strong></span> <span class='ocrx_word' id='word_1_54' title='bbox 690 1721 801 1798; x_wconf 87' lang='lat' dir='ltr'><strong>priores</strong></span> <span class='ocrx_word' id='word_1_55' title='bbox 817 1720 916 1798; x_wconf 79' lang='lat' dir='ltr'><strong>pinnae</strong></span> <span class='ocrx_word' id='word_1_56' title='bbox 928 1735 1023 1795; x_wconf 89' lang='lat' dir='ltr'><strong>usque</strong></span> <span class='ocrx_word' id='word_1_57' title='bbox 1043 1717 1080 1779; x_wconf 88' lang='lat' dir='ltr'><strong>ad</strong></span> <span class='ocrx_word' id='word_1_58' title='bbox 1095 1718 1192 1797; x_wconf 90' lang='lat' dir='ltr'><strong>ipsam</strong></span> 
     </span>
     <span class='ocr_line' id='line_1_12' title="bbox 372 1827 1102 1901; baseline -0.001 -13"><span class='ocrx_word' id='word_1_59' title='bbox 372 1828 514 1901; x_wconf 88' lang='lat' dir='ltr'><strong>caudam,</strong></span> <span class='ocrx_word' id='word_1_60' title='bbox 533 1832 563 1888; x_wconf 85' lang='lat' dir='ltr'><strong>ot</strong></span> <span class='ocrx_word' id='word_1_61' title='bbox 576 1827 672 1889; x_wconf 82' lang='lat' dir='ltr'><strong>Fluvii</strong></span> <span class='ocrx_word' id='word_1_62' title='bbox 687 1829 888 1890; x_wconf 81' lang='lat' dir='ltr'><strong>extremitates</strong></span> <span class='ocrx_word' id='word_1_63' title='bbox 901 1827 1102 1888; x_wconf 86' lang='lat' dir='ltr'><strong>occultantur.</strong></span> 
     </span>
     <span class='ocr_line' id='line_1_13' title="bbox 373 1933 1222 2016; baseline 0 -20"><span class='ocrx_word' id='word_1_64' title='bbox 373 1933 488 1996; x_wconf 84' lang='lat' dir='ltr'><strong>Occidit</strong></span> <span class='ocrx_word' id='word_1_65' title='bbox 502 1937 574 1996; x_wconf 92' lang='lat' dir='ltr'><strong>item</strong></span> <span class='ocrx_word' id='word_1_66' title='bbox 588 1936 741 2014; x_wconf 85' lang='lat' dir='ltr'><strong>ltquinum</strong></span> <span class='ocrx_word' id='word_1_67' title='bbox 752 1941 857 2016; x_wconf 89' lang='lat' dir='ltr'><strong>caput,</strong></span> <span class='ocrx_word' id='word_1_68' title='bbox 874 1936 979 1997; x_wconf 87' lang='lat' dir='ltr'><strong>occidit</strong></span> <span class='ocrx_word' id='word_1_69' title='bbox 992 1937 1084 1996; x_wconf 86' lang='lat' dir='ltr'><strong>etiam</strong></span> <span class='ocrx_word' id='word_1_70' title='bbox 1097 1935 1222 1996; x_wconf 88' lang='lat' dir='ltr'><strong>collum.</strong></span> 
     </span>
     <span class='ocr_line' id='line_1_14' title="bbox 372 2043 1100 2127; baseline 0.001 -22"><span class='ocrx_word' id='word_1_71' title='bbox 372 2043 476 2106; x_wconf 84' lang='lat' dir='ltr'><strong>Oritur</strong></span> <span class='ocrx_word' id='word_1_72' title='bbox 489 2064 559 2107; x_wconf 85' lang='lat' dir='ltr'><strong>vero</strong></span> <span class='ocrx_word' id='word_1_73' title='bbox 573 2045 678 2127; x_wconf 81' lang='lat' dir='ltr'><strong>Hydra</strong></span> <span class='ocrx_word' id='word_1_74' title='bbox 695 2045 825 2126; x_wconf 92' lang='lat' dir='ltr'><strong>amplius</strong></span> <span class='ocrx_word' id='word_1_75' title='bbox 839 2064 934 2124; x_wconf 89' lang='lat' dir='ltr'><strong>usque</strong></span> <span class='ocrx_word' id='word_1_76' title='bbox 949 2045 986 2106; x_wconf 92' lang='lat' dir='ltr'><strong>ad</strong></span> <span class='ocrx_word' id='word_1_77' title='bbox 1000 2047 1100 2124; x_wconf 90' lang='lat' dir='ltr'><strong>ipsum</strong></span> 
     </span>
     <span class='ocr_line' id='line_1_15' title="bbox 372 2161 530 2217; baseline 0.006 -1"><span class='ocrx_word' id='word_1_78' title='bbox 372 2161 530 2217; x_wconf 89' lang='lat' dir='ltr'><strong>craterem.</strong></span> 
     </span>
    </p>
   </div>
   <div class='ocr_carea' id='block_1_6' title="bbox 296 2330 1311 2566">
    <p class='ocr_par' dir='ltr' id='par_1_6' title="bbox 296 2330 1311 2566">
     <span class='ocr_line' id='line_1_16' title="bbox 342 2330 1306 2443; baseline 0.003 -29"><span class='ocrx_word' id='word_1_79' title='bbox 342 2346 462 2416; x_wconf 89' lang='lat' dir='ltr'><strong>Nonne</strong></span> <span class='ocrx_word' id='word_1_80' title='bbox 469 2353 544 2442; x_wconf 85' lang='lat' dir='ltr'><strong>jam</strong></span> <span class='ocrx_word' id='word_1_81' title='bbox 559 2355 698 2442; x_wconf 90' lang='lat' dir='ltr'><strong>stupore</strong></span> <span class='ocrx_word' id='word_1_82' title='bbox 714 2344 865 2443; x_wconf 89' lang='lat' dir='ltr'><strong>quodam</strong></span> <span class='ocrx_word' id='word_1_83' title='bbox 876 2355 1047 2430; x_wconf 90' lang='lat' dir='ltr'><strong>tenemur,</strong></span> <span class='ocrx_word' id='word_1_84' title='bbox 1061 2369 1168 2441; x_wconf 90' lang='lat' dir='ltr'><strong>quum</strong></span> <span class='ocrx_word' id='word_1_85' title='bbox 1188 2330 1306 2418; x_wconf 59' lang='lat' dir='ltr'><strong>ii&#39;ver-</strong></span> 
     </span>
     <span class='ocr_line' id='line_1_17' title="bbox 296 2467 1311 2566; baseline 0.002 -26"><span class='ocrx_word' id='word_1_86' title='bbox 296 2467 391 2540; x_wconf 89' lang='lat' dir='ltr'><strong>sibus</strong></span> <span class='ocrx_word' id='word_1_87' title='bbox 418 2469 509 2566; x_wconf 92' lang='lat' dir='ltr'><strong>apud</strong></span> <span class='ocrx_word' id='word_1_88' title='bbox 532 2471 729 2542; x_wconf 89' lang='lat' dir='ltr'><strong>Ciceronem</strong></span> <span class='ocrx_word' id='word_1_89' title='bbox 755 2470 854 2543; x_wconf 90' lang='lat' dir='ltr'><strong>nobis</strong></span> <span class='ocrx_word' id='word_1_90' title='bbox 871 2481 1076 2554; x_wconf 87' lang='lat' dir='ltr'><strong>occurrunt,</strong></span> <span class='ocrx_word' id='word_1_91' title='bbox 1100 2471 1157 2566; x_wconf 90' lang='lat' dir='ltr'><strong>qui</strong></span> <span class='ocrx_word' id='word_1_92' title='bbox 1175 2469 1311 2542; x_wconf 86' lang='lat' dir='ltr'><strong>balbu-</strong></span> 
     </span>
    </p>
   </div>
   <div class='ocr_carea' id='block_1_7' title="bbox 268 2590 1308 2694">
    <p class='ocr_par' dir='ltr' id='par_1_7' title="bbox 267 2572 1308 2694">
     <span class='ocr_line' id='line_1_18' title="bbox 268 2590 1308 2694; baseline 0.004 -30.996"><span class='ocrx_word' id='word_1_93' title='bbox 267 2572 436 2689; x_wconf 63' lang='lat' dir='ltr'><strong>{rientem</strong></span> <span class='ocrx_word' id='word_1_94' title='bbox 461 2593 574 2666; x_wconf 93' lang='lat' dir='ltr'><strong>adhuc</strong></span> <span class='ocrx_word' id='word_1_95' title='bbox 599 2606 633 2666; x_wconf 93' lang='lat' dir='ltr'><strong>et</strong></span> <span class='ocrx_word' id='word_1_96' title='bbox 655 2595 777 2667; x_wconf 87' lang='lat' dir='ltr'><strong>rudem</strong></span> <span class='ocrx_word' id='word_1_97' title='bbox 808 2595 962 2694; x_wconf 84' lang='lat' dir='ltr'><strong>linguam</strong></span> <span class='ocrx_word' id='word_1_98' title='bbox 989 2597 1037 2666; x_wconf 89' lang='lat' dir='ltr'><strong>sic</strong></span> <span class='ocrx_word' id='word_1_99' title='bbox 1061 2594 1244 2692; x_wconf 82' lang='lat' dir='ltr'><strong>expediant</strong></span> <span class='ocrx_word' id='word_1_100' title='bbox 1272 2605 1308 2668; x_wconf 90' lang='lat' dir='ltr'><strong>et</strong></span> 
     </span>
    </p>
   </div>
   <div class='ocr_carea' id='block_1_8' title="bbox 266 2698 269 2712">
    <p class='ocr_par' dir='ltr' id='par_1_8' title="bbox 266 2698 269 2712">
     <span class='ocr_line' id='line_1_19' title="bbox 266 2698 269 2712; baseline 0 0"><span class='ocrx_word' id='word_1_101' title='bbox 266 2698 269 2712; x_wconf 89' lang='lat' dir='ltr'><strong>l</strong></span> 
     </span>
    </p>
   </div>
   <div class='ocr_carea' id='block_1_9' title="bbox 264 2717 1306 2915">
    <p class='ocr_par' dir='ltr' id='par_1_9' title="bbox 264 2717 1306 2915">
     <span class='ocr_line' id='line_1_20' title="bbox 264 2717 1306 2900; baseline 0.004 -111"><span class='ocrx_word' id='word_1_102' title='bbox 264 2720 272 2900; x_wconf 61' lang='lat' dir='ltr'><strong>p</strong></span> <span class='ocrx_word' id='word_1_103' title='bbox 295 2717 468 2804; x_wconf 88' lang='lat' dir='ltr'><strong>molliant,</strong></span> <span class='ocrx_word' id='word_1_104' title='bbox 488 2730 528 2791; x_wconf 90' lang='lat' dir='ltr'><strong>ut</strong></span> <span class='ocrx_word' id='word_1_105' title='bbox 545 2721 739 2791; x_wconf 82' lang='lat' dir='ltr'><strong>Graecorum</strong></span> <span class='ocrx_word' id='word_1_106' title='bbox 762 2730 813 2791; x_wconf 89' lang='lat' dir='ltr'><strong>tot</strong></span> <span class='ocrx_word' id='word_1_107' title='bbox 832 2721 978 2818; x_wconf 83' lang='lat' dir='ltr'><strong>ingeniis</strong></span> <span class='ocrx_word' id='word_1_108' title='bbox 1001 2719 1168 2818; x_wconf 87' lang='lat' dir='ltr'><strong>expolitus</strong></span> <span class='ocrx_word' id='word_1_109' title='bbox 1191 2745 1306 2793; x_wconf 89' lang='lat' dir='ltr'><strong>senno</strong></span> 
     </span>
     <span class='ocr_line' id='line_1_21' title="bbox 296 2841 857 2915; baseline 0 -2"><span class='ocrx_word' id='word_1_110' title='bbox 296 2844 369 2914; x_wconf 91' lang='lat' dir='ltr'><strong>sine</strong></span> <span class='ocrx_word' id='word_1_111' title='bbox 386 2845 618 2915; x_wconf 85' lang='lat' dir='ltr'><strong>controversia</strong></span> <span class='ocrx_word' id='word_1_112' title='bbox 634 2841 857 2915; x_wconf 86' lang='lat' dir='ltr'><strong>devincatur?</strong></span> 
     </span>
    </p>
   </div>
   <div class='ocr_carea' id='block_1_10' title="bbox 344 2965 1309 3066">
    <p class='ocr_par' dir='ltr' id='par_1_10' title="bbox 344 2965 1309 3066">
     <span class='ocr_line' id='line_1_22' title="bbox 344 2965 1309 3066; baseline 0.004 -29"><span class='ocrx_word' id='word_1_113' title='bbox 344 2967 471 3038; x_wconf 82' lang='lat' dir='ltr'><strong>Arateo</strong></span> <span class='ocrx_word' id='word_1_114' title='bbox 494 2965 569 3039; x_wconf 95' lang='lat' dir='ltr'><strong>loco</strong></span> <span class='ocrx_word' id='word_1_115' title='bbox 585 2968 713 3064; x_wconf 87' lang='lat' dir='ltr'><strong>pariter</strong></span> <span class='ocrx_word' id='word_1_116' title='bbox 730 2967 1007 3066; x_wconf 88' lang='lat' dir='ltr'><strong>anteponendam</strong></span> <span class='ocrx_word' id='word_1_117' title='bbox 1029 2970 1201 3042; x_wconf 80' lang='lat' dir='ltr'><strong>Ciceronis</strong></span> <span class='ocrx_word' id='word_1_118' title='bbox 1219 2993 1309 3041; x_wconf 89' lang='lat' dir='ltr'><strong>nar-—</strong></span> 
     </span>
    </p>
   </div>
   <div class='ocr_carea' id='block_1_11' title="bbox 295 3093 1310 3312">
    <p class='ocr_par' dir='ltr' id='par_1_11' title="bbox 295 3093 1310 3312">
     <span class='ocr_line' id='line_1_23' title="bbox 295 3093 1310 3194; baseline 0.006 -29"><span class='ocrx_word' id='word_1_119' title='bbox 295 3095 464 3167; x_wconf 88' lang='lat' dir='ltr'><strong>rationem</strong></span> <span class='ocrx_word' id='word_1_120' title='bbox 472 3093 697 3179; x_wconf 64' lang='lat' dir='ltr'><strong>arbitramur,</strong></span> <span class='ocrx_word' id='word_1_121' title='bbox 708 3117 777 3190; x_wconf 91' lang='lat' dir='ltr'><strong>qua</strong></span> <span class='ocrx_word' id='word_1_122' title='bbox 786 3118 912 3167; x_wconf 80' lang='lat' dir='ltr'><strong>nonam</strong></span> <span class='ocrx_word' id='word_1_123' title='bbox 922 3095 1061 3168; x_wconf 86' lang='lat' dir='ltr'><strong>Orionis</strong></span> <span class='ocrx_word' id='word_1_124' title='bbox 1069 3119 1239 3194; x_wconf 86' lang='lat' dir='ltr'><strong>casusque</strong></span> <span class='ocrx_word' id='word_1_125' title='bbox 1247 3095 1310 3170; x_wconf 91' lang='lat' dir='ltr'><strong>do-</strong></span> 
     </span>
     <span class='ocr_line' id='line_1_24' title="bbox 298 3215 592 3312; baseline 0.003 -24"><span class='ocrx_word' id='word_1_126' title='bbox 298 3239 416 3289; x_wconf 89' lang='lat' dir='ltr'><strong>cemur</strong></span> <span class='ocrx_word' id='word_1_127' title='bbox 436 3215 483 3312; x_wconf 88' lang='lat' dir='ltr'><strong>(l)</strong></span> <span class='ocrx_word' id='word_1_128' title='bbox 508 3241 517 3288; x_wconf 79' lang='lat' dir='ltr'><strong>t</strong></span> <span class='ocrx_word' id='word_1_129' title='bbox 587 3262 592 3273; x_wconf 86' lang='lat'>.</span> 
     </span>
    </p>
   </div>
   <div class='ocr_carea' id='block_1_12' title="bbox 245 3448 1162 3966">
    <p class='ocr_par' dir='ltr' id='par_1_12' title="bbox 245 3448 1162 3966">
     <span class='ocr_line' id='line_1_25' title="bbox 326 3448 1093 3531; baseline 0.005 -21"><span class='ocrx_word' id='word_1_130' title='bbox 326 3476 329 3484; x_wconf 74' lang='lat'><em>=</em></span> <span class='ocrx_word' id='word_1_131' title='bbox 376 3448 480 3524; x_wconf 85' lang='lat' dir='ltr'><strong>Quum</strong></span> <span class='ocrx_word' id='word_1_132' title='bbox 494 3466 564 3510; x_wconf 81' lang='lat' dir='ltr'><strong>uero</strong></span> <span class='ocrx_word' id='word_1_133' title='bbox 576 3452 620 3512; x_wconf 86' lang='lat' dir='ltr'><strong>vis</strong></span> <span class='ocrx_word' id='word_1_134' title='bbox 631 3451 851 3512; x_wconf 84' lang='lat' dir='ltr'><strong>estvehemens</strong></span> <span class='ocrx_word' id='word_1_135' title='bbox 865 3454 967 3512; x_wconf 84' lang='lat' dir='ltr'><strong>exorta</strong></span> <span class='ocrx_word' id='word_1_136' title='bbox 981 3451 1093 3531; x_wconf 83' lang='lat' dir='ltr'><strong>Nepai,</strong></span> 
     </span>
     <span class='ocr_line' id='line_1_26' title="bbox 380 3556 1036 3642; baseline 0.005 -24"><span class='ocrx_word' id='word_1_137' title='bbox 380 3557 455 3620; x_wconf 87' lang='lat' dir='ltr'><strong>Late</strong></span> <span class='ocrx_word' id='word_1_138' title='bbox 468 3556 534 3618; x_wconf 85' lang='lat' dir='ltr'><strong>fusa</strong></span> <span class='ocrx_word' id='word_1_139' title='bbox 547 3559 627 3620; x_wconf 86' lang='lat' dir='ltr'><strong>volat</strong></span> <span class='ocrx_word' id='word_1_140' title='bbox 645 3558 693 3642; x_wconf 86' lang='lat' dir='ltr'><strong>(in</strong></span> <span class='ocrx_word' id='word_1_141' title='bbox 708 3564 801 3622; x_wconf 86' lang='lat' dir='ltr'><strong>terras</strong></span> <span class='ocrx_word' id='word_1_142' title='bbox 814 3560 924 3621; x_wconf 87' lang='lat' dir='ltr'><strong>labitur</strong></span> <span class='ocrx_word' id='word_1_143' title='bbox 938 3561 1036 3634; x_wconf 87' lang='lat' dir='ltr'><strong>unda,</strong></span> 
     </span>
     <span class='ocr_line' id='line_1_27' title="bbox 378 3666 1022 3748; baseline -0.002 -19"><span class='ocrx_word' id='word_1_144' title='bbox 378 3666 626 3746; x_wconf 87' lang='lat' dir='ltr'><strong>Orionquemetu</strong></span> <span class='ocrx_word' id='word_1_145' title='bbox 636 3670 788 3748; x_wconf 87' lang='lat' dir='ltr'><strong>perculsus</strong></span> <span class='ocrx_word' id='word_1_146' title='bbox 801 3670 937 3731; x_wconf 89' lang='lat' dir='ltr'><strong>conditur</strong></span> <span class='ocrx_word' id='word_1_147' title='bbox 950 3687 1022 3729; x_wconf 91' lang='lat' dir='ltr'><strong>uua.</strong></span> 
     </span>
     <span class='ocr_line' id='line_1_28' title="bbox 245 3775 1162 3857; baseline -0.001 -20"><span class='ocrx_word' id='word_1_148' title='bbox 245 3783 256 3808; x_wconf 83' lang='lat'><strong>·</strong></span> <span class='ocrx_word' id='word_1_149' title='bbox 378 3775 472 3850; x_wconf 83' lang='lat' dir='ltr'><strong>Pace,</strong></span> <span class='ocrx_word' id='word_1_150' title='bbox 486 3775 579 3856; x_wconf 83' lang='lat' dir='ltr'><strong>liujus</strong></span> <span class='ocrx_word' id='word_1_151' title='bbox 591 3776 680 3838; x_wconf 88' lang='lat' dir='ltr'><strong>liceat</strong></span> <span class='ocrx_word' id='word_1_152' title='bbox 692 3795 829 3840; x_wconf 88' lang='lat' dir='ltr'><strong>caussam</strong></span> <span class='ocrx_word' id='word_1_153' title='bbox 842 3777 1017 3857; x_wconf 79' lang='lat' dir='ltr'><strong>explicuisse</strong></span> <span class='ocrx_word' id='word_1_154' title='bbox 1030 3776 1162 3848; x_wconf 81' lang='lat' dir='ltr'><strong>timoris,</strong></span> 
     </span>
     <span class='ocr_line' id='line_1_29' title="bbox 377 3883 1153 3966; baseline 0.003 -22"><span class='ocrx_word' id='word_1_155' title='bbox 377 3883 483 3959; x_wconf 79' lang='lat' dir='ltr'><strong>Virgo,</strong></span> <span class='ocrx_word' id='word_1_156' title='bbox 500 3890 577 3948; x_wconf 88' lang='lat' dir='ltr'><strong>tua:</strong></span> <span class='ocrx_word' id='word_1_157' title='bbox 595 3886 799 3964; x_wconf 74' lang='lat' dir='ltr'><strong>mihiquem,</strong></span> <span class='ocrx_word' id='word_1_158' title='bbox 815 3889 885 3949; x_wconf 85' lang='lat' dir='ltr'><strong>veni</strong></span> <span class='ocrx_word' id='word_1_159' title='bbox 896 3886 1029 3966; x_wconf 85' lang='lat' dir='ltr'><strong>placata,</strong></span> <span class='ocrx_word' id='word_1_160' title='bbox 1045 3885 1153 3946; x_wconf 87' lang='lat' dir='ltr'><strong>Diana.</strong></span> 
     </span>
    </p>
   </div>
   <div class='ocr_carea' id='block_1_13' title="bbox 333 4117 777 4188">
    <p class='ocr_par' dir='ltr' id='par_1_13' title="bbox 333 4117 777 4188">
     <span class='ocr_line' id='line_1_30' title="bbox 333 4117 777 4188; baseline 0.009 -16"><span class='ocrx_word' id='word_1_161' title='bbox 333 4117 369 4187; x_wconf 74' lang='lat' dir='ltr'><strong>(t)</strong></span> <span class='ocrx_word' id='word_1_162' title='bbox 385 4117 492 4187; x_wconf 79' lang='lat' dir='ltr'><strong>Nocte,</strong></span> <span class='ocrx_word' id='word_1_163' title='bbox 509 4122 570 4176; x_wconf 80' lang='lat' dir='ltr'><strong>ooo.</strong></span> <span class='ocrx_word' id='word_1_164' title='bbox 586 4121 699 4188; x_wconf 76' lang='lat' dir='ltr'><strong>Aratus,</strong></span> <span class='ocrx_word' id='word_1_165' title='bbox 715 4122 777 4176; x_wconf 73' lang='lat' dir='ltr'><strong>oti.</strong></span> 
     </span>
    </p>
   </div>
   <div class='ocr_carea' id='block_1_14' title="bbox 0 0 1438 4866">
    <p class='ocr_par' dir='ltr' id='par_1_14' title="bbox 0 0 1438 4866">
     <span class='ocr_line' id='line_1_31' title="bbox 0 0 1438 4866; baseline 0 0"><span class='ocrx_word' id='word_1_166' title='bbox 0 0 1438 4866; x_wconf 95' lang='lat' dir='ltr'><strong> </strong></span> 
     </span>
    </p>
   </div>
  </div>
 </body>
</html>
