2866 4866
582 401 744 460 ..83-

146 555 191 603 ne
227 533 354 603 iterum
388 529 625 616 revolvamus,
663 531 728 604 boc
760 533 937 606 attendere
971 538 1053 608 satis
1084 549 1155 623 est,

146 655 197 726 sio
215 655 250 725 in
268 654 336 725 illis
353 678 422 726 non
438 654 545 726 semel
565 657 715 727 eminere
736 657 952 744 Ciceronem,
972 671 1012 731 ut
1029 665 1159 734 auctori

145 803 256 878 graeco
273 803 336 850 nec
352 777 494 876 ignobili
511 802 586 850 sese
603 802 694 850 nunc
719 804 857 876 parem,
876 807 968 854 nunc
991 785 1095 854 etiam
1118 809 1158 858 eo

147 905 425 1000 prestantiorem
444 902 614 975 ostendat.

147 1065 150 1071 ·
195 1029 295 1114 Quod
318 1031 463 1115 sivero,
482 1053 574 1100 nuno
600 1029 643 1101 ad
674 1032 888 1126 propositum
911 1034 1158 1128 respicientes,

147 1156 284 1228 Uraniae
299 1155 517 1251 prognostica
533 1153 705 1226 conversis
723 1155 936 1224 Pluuuonunis
953 1166 987 1226 et
1004 1158 1161 1248 Propous-

145 1283 211 1350 u'cis
226 1279 454 1364 conferimus,
472 1302 585 1350 nonne
598 1287 671 1376 jam
689 1277 788 1350 nobis
805 1277 885 1349 licet
898 1290 1065 1374 suscepta
1082 1303 1162 1351 con·

145 1405 320 1476 troversia
351 1403 604 1492 conclusionem
630 1405 678 1474 ita
706 1427 949 1500 praesumere:
976 1404 1004 1474 si
1032 1403 1115 1499 quid
1142 1427 1161 1474 e

70 1509 75 1520 ’
146 1529 271 1598 Graecis
290 1529 406 1600 Cicero
424 1530 611 1613 convertit,
628 1539 803 1600 auctorem
820 1529 974 1624 proxime
989 1530 1158 1624 sequitur,

146 1663 206 1724 aut
219 1651 408 1737 antecellit;
427 1677 536 1747 quum
553 1663 668 1723 autem
685 1653 824 1749 proprio
843 1653 984 1724 confidit
1001 1654 1159 1750 ingenio,

146 1771 376 1874 ipsesibimet
395 1778 520 1872 impar,
550 1777 640 1846 infra
668 1788 838 1848 oratorem
858 1779 895 1848 in
913 1777 1035 1850 eodem
1052 1803 1164 1876 argu-

147 1912 264 1972 mento
283 1911 385 1996 poeta
405 1897 577 1972 subsidit?

75 2013 79 2020 ¹
145 2029 148 2041 ¹
196 2028 275 2097 Haeo
290 2025 376 2096 mihi
397 2023 494 2096 litem
514 2024 676 2096 dirimere
691 2023 871 2109 videntur3
896 2049 960 2096 nec
978 2049 1063 2120 opus
1087 2037 1160 2110 est,

148 2157 188 2216 ut
205 2147 399 2242 opinamur,
421 2146 556 2244 singula
572 2145 716 2243 singulis
734 2170 956 2242 componere,
981 2159 1015 2218 et
1037 2149 1164 2219 iterum

148 2269 315 2365 probare,
347 2271 384 2340 in
414 2272 547 2342 Urania
573 2270 734 2342 vaticinio
767 2270 917 2367 plurima
942 2272 1055 2367 poesis
1080 2273 1165 2344 vitia

150 2404 301 2478 scatere,
322 2419 429 2491 quum
442 2397 479 2466 in
502 2397 637 2467 Arateis
654 2421 675 2467 a
693 2397 854 2468 Cicerone
870 2399 1043 2468 conversis
1059 2397 1166 2470 nobi-

149 2519 288 2592 lissimae
311 2543 399 2614 sape
418 2519 562 2590 virtutes
588 2521 774 2588 emineant.
799 2519 932 2602 Quibus
959 2521 1008 2589 ita
1032 2523 1165 2592 confir-

150 2644 272 2727 matis,
294 2643 351 2714 vix
367 2639 639 2712 animadvertere
659 2663 799 2711 necesse
819 2651 894 2724 est,
916 2651 1087 2735 quantum
1110 2643 1165 2714 bis

151 2765 391 2839 convertendis
406 2787 527 2836 versus
549 2763 703 2834 heroicos
723 2761 910 2834 excoluerit
929 2773 963 2833 et
987 2763 1167 2858 perfecerit

151 2892 282 2963 Cicero.
303 2889 418 2972 Quum
440 2887 532 2958 enim
549 2887 586 2956 in
611 2886 761 2956 carmine
784 2885 833 2954 De
858 2888 1018 2956 consulatu
1037 2885 1165 2957 Lucilio

153 3012 309 3084 etEnnio
316 3017 390 3108 jam
400 3019 496 3080 tanto
506 3007 743 3105 praecelluerit,
760 3017 889 3104 quanto
902 3009 1013 3106 magis
1026 3008 1166 3080 eosdem

153 3134 329 3233 prestitit,
348 3157 457 3229 quum
466 3131 510 3205 ad
524 3133 682 3206 altiorem,
689 3132 764 3228 ipso
780 3132 927 3229 gradum
944 3144 1079 3204 evectus
1093 3132 1164 3206 est!

153 3259 221 3346 At,
243 3256 391 3356 expolito
408 3259 457 3328 sic
474 3257 693 3343 hexametro,
707 3281 816 3354 quum
835 3256 878 3328 de
895 3257 1055 3330 universa
1072 3261 1167 3356 poesi

153 3383 262 3459 latina
278 3383 395 3457 Cicero
411 3379 499 3453 bene
515 3381 659 3455 meritus
677 3380 734 3464 sit,
757 3403 871 3452 nonne
888 3377 1013 3477 dignus
1030 3405 1167 3476 quoque

155 3507 220 3580 fuit
232 3524 254 3592 ,·
269 3513 367 3604 cujus
382 3506 419 3576 in
435 3504 607 3600 Georgicis
627 3503 789 3601 Virgilius
812 3501 1052 3576 meminisset?
1069 3506 1168 3575 Pbo-

156 3607 291 3712 uomeuis
313 3631 406 3703 enim
425 3639 459 3700 et
476 3629 702 3720 Prognosu'cis,
727 3625 803 3698 utili
825 3625 981 3723 exemplo
1003 3641 1039 3726 et
1061 3628 1168 3702 nobili

158 3755 356 3852 disciplina,
372 3755 446 3850 ipse
457 3754 571 3850 poesis
581 3753 877 3850 latinaeprinoeps,
888 3762 927 3824 ut
937 3753 1165 3848 suspicamur,

158 3880 315 3959 nonnihil
326 3877 455 3955 erudiri
466 3879 590 3973 potuit.
