2866 4866
508 407 669 466 ...93-

165 537 211 598 Sic
226 557 274 598 me
288 540 351 618 ipsc
363 539 470 600 viduus
479 543 579 616 pestes
590 541 703 619 excipio
716 542 833 616 anxias,

165 647 276 713 Amore
290 649 395 708 mortis
408 648 571 708 terminum
589 650 749 726 anquirans
762 650 851 726 muli3

164 755 221 817 Sed
231 757 319 832 longe
333 776 350 816 a
364 757 425 820 leto
439 759 563 818 numine
575 759 703 838 aspellor
716 759 809 833 lovis,

166 866 265 944 Atque
283 867 346 928 haec
364 871 498 940 vetusta,
521 868 604 928 seclis
624 869 789 942 glomerata
807 871 952 944 horridis,

169 970 318 1033 Luctifera
329 972 427 1033 clades
438 977 538 1034 nostro
551 974 643 1035 infixa
659 979 704 1035 est
711 978 852 1055 corpori,

165 1079 283 1158 Exque
296 1081 417 1162 liquatae¹
429 1082 497 1142 solis
510 1082 615 1143 ardore
631 1083 773 1144 excidunt
891 1133 892 1138 1

167 1186 282 1262 Gutta,
299 1207 368 1266 quoe
382 1207 453 1250 saxa
467 1189 583 1250 assidue
593 1190 738 1252 instillant
752 1189 875 1254 Caucasi
891 1189 944 1275 (l).
970 1219 974 1226 ·

210 1349 295 1410 Unde
311 1351 386 1424 ignis
400 1350 479 1411 cluet
493 1351 667 1412 mortalibus
682 1352 761 1413 clam

212 1456 347 1533 Divisus;
364 1475 435 1518 eum
447 1458 544 1518 dictus
559 1458 755 1520 Prometheus

209 1561 351 1643 Clepsisse
367 1564 450 1638 dolo,
467 1581 630 1643 poenasque
645 1565 711 1626 lovi

208 1669 282 1730 Fato
295 1670 467 1749 expendisse
480 1687 620 1750 supremo
643 1669 695 1754 (d).

521 1841 665 1886 oceanus.

169 1959 276 2036 Atqui,
292 1958 490 2031 Prometheu‚
506 1962 538 2020 te
551 1959 609 2020 hoc
622 1964 724 2020 tenere
736 1963 888 2036 existimo,

169 2064 281 2126 llederi
297 2084 382 2145 posse
393 2069 540 2128 rationem
551 2068 727 2131 iracundiae.

544 2238 642 2289 naon.

170 2348 338 2436 Siquidem,
356 2362 407 2437 qui
418 2361 628 2439 tempestivam
646 2360 825 2421 medicinam
842 2359 1021 2432 admovens,

170 2466 237 2528 Non
249 2469 286 2529 ad
299 2486 474 2542 gravescens
486 2469 597 2529 vulnus
608 2469 705 2530 illidat
716 2486 825 2529 manus
844 2467 897 2549 (ὅ).

138 2629 179 2698 ln
203 2626 354 2698 secundo
384 2629 630 2697 Tusculanorum
657 2625 745 2698 libro
775 2625 929 2724 suhjacet
952 2625 1104 2725 AEschyli

4 2837 7 2846 1
88 2753 283 2852 fragmento
299 2751 394 2824 locus
414 2777 433 2823 e
449 2751 625 2848 Sophoclis
647 2753 817 2822 Trachiniis
836 2776 1043 2849 expressus:

174 2925 200 2988 Ο
217 2925 314 2988 multa
328 2925 410 2986 dictu
427 2926 544 3000 gravia,
559 2942 701 3004 perpessu
716 2941 837 3002 aspera,

172 3035 250 3110 Qum
263 3053 386 3115 corpore
398 3033 547 3095 exantlavi
560 3037 651 3112 atque
665 3034 765 3093 animo
779 3032 907 3112 pertulit

173 3145 235 3224 Nec
247 3131 320 3205 milri
334 3145 459 3205 lunonis
478 3148 575 3205 terror
589 3142 804 3222 implacabilis,

174 3255 235 3316 Nec
251 3259 369 3315 tantum
385 3255 498 3315 invexit
516 3255 608 3313 tristis
622 3251 811 3331 Eurystheus
827 3250 914 3323 mali,

175 3364 330 3438 Quantum
345 3382 407 3426 una
418 3381 521 3424 vecors
535 3363 629 3424 Oenei
643 3366 733 3441 partu
751 3361 851 3422 edita:

175 3475 248 3536 lieo
260 3493 309 3534 me
321 3474 448 3534 irretivit
462 3476 545 3532 veste
559 3470 659 3533 iuriali
676 3472 816 3541 inscium,

176 3583 253 3658 Quae
265 3583 351 3645 lateri
363 3582 511 3643 inhaerens
523 3597 625 3640 morsu
640 3578 751 3640 lacerat
765 3577 894 3650 viscera,

176 3692 350 3770 Urgensque
362 3691 492 3764 graviter
504 3687 684 3767 pulmonum
697 3685 799 3746 haurit
811 3683 943 3764 spiritus.

176 3801 244 3863 Jam
263 3799 430 3862 decolorem
449 3797 625 3872 sanguinem
637 3812 758 3855 omnem
778 3792 951 3856 exsorbuit:

134 3964 172 4032 (t)
192 3959 247 4016 cre.
264 3959 378 4028 ros.,a‚
398 3959 441 4013 ro.

43 4116 46 4122 .
133 4057 171 4122 (2)
190 4056 269 4122 loru,
282 4059 315 4127 2,
329 4057 373 4112 lo.

11 4209 16 4222 ,
137 4157 174 4222 (3)
192 4153 271 4218 inid„
286 4157 316 4220 3,
332 4156 374 4206 34.
390 4149 432 4208 cl.
444 4149 572 4220 AEschvl.,
588 4146 732 4216 Promoti„
745 4160 772 4202 v.
788 4147 849 4200 385.
