2836 4880
568 449 608 462 ..
628 413 667 475 55
689 449 727 460 -

138 548 355 647 aliquantum
373 551 539 621 resarcire
561 549 674 622 liceat.
697 553 769 623 Hoc
792 553 897 648 igitur
921 577 991 624 non
1015 553 1150 648 impro-

136 675 253 747 bando
270 699 457 760 consensu,
478 675 557 746 libri
573 676 715 748 secundi
730 677 924 774 fragmenta
941 702 1009 773 quo
1024 677 1152 750 fuerint

138 799 279 872 consilio
299 811 333 871 et
351 811 467 872 mente
486 799 609 872 collata
628 801 840 898 dispicimus.
859 805 987 874 Urania
999 803 1152 876 ooelestia

137 923 472 1021 velterrestria,quae
480 936 721 1022 spectaverunt
730 926 774 998 ad
782 927 1151 1024 conjurationempor·

137 1060 234 1121 tenta
258 1062 436 1135 recenset,
457 1051 635 1122 novissimi
651 1074 722 1122 non
747 1049 866 1135 oblita,
889 1074 957 1146 quo
977 1050 1150 1122 detectum

136 1175 249 1248 scelus
276 1173 546 1274 significabatur.
579 1175 695 1258 Quum
725 1185 841 1246 eutem
868 1176 1150 1271 interpretatione

138 1299 290 1396 quedam
306 1311 340 1372 et
357 1299 574 1372 conclusione
592 1299 682 1371 facta
703 1301 799 1395 prius
818 1299 996 1396 complecti
1013 1299 1151 1370 videan-

138 1437 209 1511 tur,
230 1449 300 1497 nou
320 1425 364 1497 ad
383 1425 604 1521 incipientem
623 1424 751 1496 librum
771 1425 843 1497 haec
866 1425 1032 1496 miracula
1049 1427 1151 1521 perti·

136 1562 233 1621 nent.
257 1550 327 1622 lllis
348 1573 429 1621 vero
451 1573 526 1644 quae
542 1549 725 1645 praeposita
750 1548 890 1634 fuerint,
911 1565 953 1620 'ex
969 1549 1035 1620 hoc
1052 1548 1151 1620 intel·
1235 1621 1238 1634 ,
1322 1643 1326 1654 Ι

136 1674 196 1772 ligi
205 1686 332 1772 potest,
348 1675 440 1771 quod
454 1675 576 1746 loederi
592 1675 761 1771 patefacto
773 1698 964 1773 congruens
976 1685 1150 1747 ostentum

135 1810 308 1870 narratur.
337 1802 457 1894 ltaque
485 1822 555 1870 non
581 1797 746 1869 audacius
771 1795 829 1868 ille
856 1798 956 1869 nobis
982 1799 1149 1895 conjicere

135 1923 312 1995 videretur
333 1925 413 2018 qui,
449 1947 528 1994 cum
557 1922 675 1994 multis
700 1946 722 1992 a
745 1922 926 1994 Plutarcho
953 1923 1090 2008 relatis,
1110 1947 1151 1994 ea

122 2050 329 2145 prasertim
348 2073 369 2118 a
391 2049 552 2121 Cicerone
572 2037 743 2142 descripta
766 2046 872 2118 luisse
897 2049 1147 2143 suspicaretur,

137 2172 317 2267 quocirca
333 2178 589 2268 conjuratorum
604 2171 641 2240 in
658 2193 793 2241 carcere
807 2169 935 2242 oaedem
954 2181 1148 2256 versentur,

138 2306 173 2367 et
188 2296 359 2368 Ciceronis
376 2296 531 2380 timores,

182 2455 185 2462 ¹
213 2468 312 2546 Atque
326 2469 426 2528 animo
441 2467 572 2547 pendens
587 2471 678 2527 noctu
693 2471 801 2528 eventa
814 2467 1010 2549 timebat-(t).

137 2640 173 2701 et
195 2627 280 2700 illud
307 2627 458 2700 consulis
481 2639 516 2698 ct
545 2636 685 2698 senatus
712 2650 781 2722 per·
799 2629 872 2698 rias
898 2629 980 2713 iter,
1008 2593 1152 2726 lugudre

113 2843 115 2850 y
136 2752 288 2850 primum
306 2761 340 2822 et
356 2750 452 2822 brevi
468 2773 596 2846 pompa
613 2747 764 2846 quadam
782 2749 983 2846 triumphali
1005 2750 1154 2824 celebra·

137 2888 225 2948 tum.
241 2877 359 2972 Neque
377 2875 492 2947 omisit
515 2897 596 2944 sane
615 2883 717 2968 poeta
734 2872 860 2968 quibus
878 2875 1035 2946 omnium
1055 2875 1154 2947 ordi-

137 3026 223 3074 num
247 3000 454 3073 clamorihus
471 2999 567 3070 urbis
591 3009 799 3070 conservata
817 2999 975 3072 conditor
991 3000 1078 3072 alter
1094 3027 1152 3073 vo-

137 3138 234 3200 catus
261 3127 377 3198 fuerit.
409 3128 481 3196 Hoc
510 3125 730 3220 potissimum
757 3124 832 3196 loco
860 3123 1078 3196 crederemus
1109 3127 1152 3198 ab

139 3252 267 3324 Urania
292 3248 538 3321 miraculorum
566 3249 690 3320 seriem
716 3247 888 3320 evolutam
905 3247 1028 3334 fuisse,
1048 3274 1154 3346 quam

138 3380 309 3476 excipiens
338 3378 412 3472 ipse
442 3377 592 3472 Jupiter,
618 3385 657 3446 ut
675 3384 828 3459 constat,
848 3374 954 3448 futuri
973 3375 1055 3448 belli
1074 3401 1152 3450 con·

138 3504 213 3576 silia
227 3502 400 3599 patefacit,
417 3510 463 3585 et,
478 3500 675 3572 Ciceronem
687 3498 909 3584 adhortatus,
927 3524 1042 3595 aquas
1054 3511 1150 3574 tento

138 3626 316 3698 certamini
331 3625 421 3696 vires
439 3621 570 3694 consuli
588 3620 839 3693 subministret.

185 3749 318 3819 Tertius
340 3747 427 3818 liber
444 3745 613 3842 explicare
627 3746 739 3842 potuit
759 3770 828 3842 qua
844 3746 940 3820 clade
959 3750 1149 3823 consularis

139 3873 306 3944 exercitus
338 3872 519 3946 Catilinam
547 3869 718 3942 ceciderit.
753 3854 865 3955 Quam
888 3873 925 3942 in
952 3875 1147 3970 opinionem

137 3999 213 4096 ipso
230 3998 367 4069 nonrine
382 3997 548 4094 Calliopes
565 3994 781 4068 adducimur.
794 3999 882 4068 Nam
897 3997 1098 4095 eloquentia
1115 4013 1149 4072 et

174 4172 211 4242 (t)
229 4170 345 4228 Nonius:
358 4172 483 4241 Eventus,
496 4171 551 4229 Cic.
565 4169 728 4227 Omsulotos
739 4173 794 4241 soi,
807 4169 825 4226 1.
835 4173 862 4228 2.
