2836 4880
553 431 586 440 „
612 401 650 460 19
675 435 708 444 ..

203 532 340 612 Undique
353 526 474 594 nilen'do
482 525 600 611 ¹eorpus
608 523 773 612 discerpere
787 533 881 610 ler‘ro;
908 520 912 526 ’

135 671 137 680 v
157 685 160 692 ,
184 642 331 722 'Semper
347 641 534 704 abundantes
546 642 649 704 hastas
663 641 832 721 funusque
847 645 1016 721 ¹tltralltque.

173 829 287 919 Quum
300 827 383 899 talia
394 803 480 898 nulli
491 801 632 904 taedium
642 797 747 902 alfere
758 793 891 926 possint
900 828 1017 914 ‚aliud
1031 831 1133 900 etiam

123 953 235 1049 placet
257 953 489 1050 fragmentum
515 934 702 1050 subjicere,
724 959 821 1051 ouJus
847 977 1025 1050 expressas
1042 955 1135 1026 ima-

122 1079 220 1175 gines
236 1079 388 1149 maxima
403 1101 474 1148 non
484 1076 688 1150 ,dubitemus
702 1077 928 1150 admiratione
941 1079 1102 1174 prosequi
1124 1105 1132 1151 ε

206 1293 325 1357 Clamor
341 1297 365 1356 it
381 1296 418 1356 ad
432 1295 582 1356 eoelum...

205 1401 278 1462 lnde
293 1402 350 1462 loci
363 1401 456 1464 lituus
469 1404 582 1464 sonitus
596 1399 722 1462 effundit
737 1405 849 1466 acutos.

136 1514 138 1519 ’
204 1508 304 1572 Africa
315 1511 440 1572 terribili
460 1513 562 1574 tremit
572 1511 692 1574 horrida
706 1514 788 1572 terra
801 1509 953 1586 tumultu3
975 1569 982 1582 ,

206 1617 344 1696 Undique
363 1620 548 1682 multimodis
559 1621 746 1686 eonsumitur
759 1620 846 1679 anxia
858 1619 954 1696 curis;

206 1727 353 1790 Omnibus
373 1731 448 1790 endo
469 1730 540 1789 loeis
558 1731 661 1803 ingens
680 1731 803 1806 apparet
824 1729 923 1800 imago

209 1836 368 1898 Tristities,

176 2043 237 2114 llis
254 2043 413 2116 omnibus
437 2069 508 2116 non
531 2043 634 2115 modo
649 2042 833 2118 verborum
856 2045 928 2128 vis,
948 2042 1084 2140 pondus
1105 2055 1140 2114 et
1213 2065 1216 2072 ’

128 2165 298 2266 dignitas,
329 2169 389 2241 sed
410 2176 484 2266 jam
514 2169 606 2240 color
634 2171 724 2240 inest
753 2180 787 2240 et
814 2170 885 2240 vita
913 2169 1041 2265 spirat;
1065 2175 1139 2266 jam

127 2295 261 2390 pictura
281 2295 393 2389 poesis
418 2293 550 2377 evadit,
573 2305 607 2366 et
621 2317 732 2390 pauoa
756 2318 935 2390 superesse
958 2291 1137 2377 videntur,

129 2443 206 2514 quae
220 2421 336 2491 Cicero
355 2429 388 2490 et
403 2419 565 2517 Virgilius
582 2419 791 2515 perficienda
808 2421 1007 2516 suscipiant.
1026 2419 1140 2503 Quum

129 2545 222 2614 enim
232 2541 484 2652 apudllnnium
499 2543 663 2640 pleraque
682 2546 847 2641 gravitate
867 2542 973 2614 nobili
988 2544 1138 2640 vigeant,

130 2669 294 2738 orationis
310 2667 380 2738 illie
399 2666 579 2737 mollitiem
598 2677 632 2737 et
654 2675 787 2737 motum
804 2664 1051 2736 desideremus
1074 2665 1141 2736 Sed

8 2799 9 2806 ³
130 2791 166 2860 in
187 2813 228 2860 ee
247 2813 384 2886 quoque
406 2800 505 2886 parte
525 2789 682 2865 nonnihil
703 2787 878 2860 elaborat:
904 2788 1037 2860 vadare
1061 2812 1142 2860 mo-

131 2911 207 2998 dos,
218 2936 337 2984 versus
349 2911 500 3011 rigidum
516 2922 684 2997 tenorem,
699 2922 733 2982 et
747 2912 846 3006 quasi
858 2911 1006 2982 ferream
1015 2911 1141 2984 molem

131 3036 305 3109 inflectere
323 3048 479 3109 conatur.
493 3039 592 3122 Haeo,
614 3038 688 3108 sine
705 3037 823 3122 dubio,
837 3036 974 3109 levitate
993 3037 1142 3134 quadam

133 3171 368 3258 temperantur
379 3172 414 3232 et
432 3162 637 3232 sententiam
656 3162 837 3259 expingere
855 3162 1092 3234 contendunt:

214 3375 346 3437 Verrunt
360 3375 510 3453 extemplo
522 3373 639 3454 placide
653 3391 746 3445 mare,
763 3389 913 3433 marmore
926 3372 1019 3445 llavo,

217 3483 387 3546 Caeruleum
400 3488 520 3563 spumat
533 3484 604 3557 sale,
618 3481 752 3544 conferta
767 3486 832 3542 rate
848 3483 981 3562 pulsum.

215 3591 340 3653 Labitur
354 3597 446 3654 uncta
463 3595 574 3666 carina,
596 3593 677 3654 volat
696 3611 785 3672 super
804 3594 934 3672 impetus
946 3589 1051 3662 undas,

217 3698 321 3772 Quum
333 3701 437 3780 prooul
450 3701 596 3782 aspioiunt
617 3701 716 3760 hostes
734 3701 873 3761 accedere
892 3698 1022 3770 ventem,

218 3809 343 3872 Navibu'
362 3811 506 3885 velivolis,
526 3829 635 3884 magno
656 3797 788 3872 elamore
807 3811 959 3870 levantes·
1010 3803 1011 3810 '

186 4007 1000 4107 Attamen‚inhoopraes‚ertim‚infelioiquadam
1017 4018 1145 4100 tempo·
1226 4021 1229 4031 '

138 4135 186 4206 ris
204 4131 416 4216 conditione,
437 4134 715 4228 peecatunnius
736 4132 856 4229 Rigido
875 4143 909 4204 et
925 4132 1067 4210 infracto
1083 4150 1146 4198 ro-
