2866 4866
511 419 694 482 -109-

87 563 164 655 jam
173 555 542 651 priestrinximushoc
552 557 679 627 iterum
690 555 1035 631 animadvertendum
1046 568 1112 646 est',

91 691 132 751 ut
142 679 266 753 dehita
276 673 378 750 laude
388 680 585 751 Ciceronem
601 681 741 752 omnino
753 705 1018 778 prosequamur,
1039 708 1115 756 auc-

90 815 206 876 torem
225 803 355 876 scilicet
381 803 479 876 illum
506 783 909 892 fuisse'nohitissimum
932 793 1035 904 quein
1052 833 1114 881 re-

90 926 266 999 centiores
283 926 462 998 dramatici
477 939 721 1023 sequerentur,
742 939 776 1000 et
792 919 946 1001 iambum
964 935 1114 1005 sermoni

91 1051 295 1148 propiorem
327 1051 372 1124 ad
402 1053 568 1151 tragicam
597 1053 800 1151 dignitatern
826 1057 995 1128 maturius
1029 1081 1114 1132 eve-

92 1175 234 1248 herent.

92 1453 261 1544 Euripidis
283 1451 475 1542 aliorumque
502 1451 658 1521 minorum
682 1452 776 1522 tocio
797 1451 939 1522 Cicerone
962 1457 1108 1524 conversi.

140 1696 308 1769 Nondum
327 1696 410 1768 satis
429 1693 472 1767 de
486 1693 688 1794 fragmentis
699 1697 875 1784 convenit,
896 1721 976 1793 quae
989 1697 1112 1770 siveex

92 1823 354 1919 Euripide'sive
370 1845 411 1892 ex
429 1821 504 1892 aliis
520 1821 711 1892 minoribus
734 1823 850 1893 Cicero
880 1823 1108 1908 converterit;

93 1972 206 2044 quum
224 1947 292 2018 alia
308 1944 468 2042 quaedam
490 1956 529 2017 ut
546 1945 717 2018 Ciceronis
740 1957 927 2042 agnoscant
942 1970 1112 2044 gramma-

93 2072 171 2157 tici,
192 2071 262 2143 alia
280 2081 410 2142 temere
434 2071 523 2141 inter
547 2049 653 2142 dubia
682 2082 850 2166 reponant
877 2082 911 2142 et
935 2069 1108 2168 ablegent.

92 2197 248 2270 Multum
266 2197 371 2294 igitur
387 2197 529 2268 interest
541 2195 676 2293 singula
688 2220 833 2292 quaeque
845 2197 962 2268 statim
976 2195 1114 2296 dignos-
1205 2282 1209 2294 ⁴
1240 2284 1244 2294 ¹

93 2344 174 2394 cere
199 2331 234 2392 et
259 2320 363 2392 simul
386 2322 579 2405 aestimare,
611 2322 814 2418 priusquam
845 2323 960 2395 omnia
973 2322 1113 2422 ,judicio

93 2446 381 2544 complectamur.

141 2575 184 2642 ln
204 2572 246 2641 iis
269 2571 421 2666 primum
435 2570 674 2651 immoramur,
695 2591 772 2662 quae
789 2571 1020 2640 recentiorum
1037 2582 1114 2642 tes-

93 2669 244 2767 timonia
258 2693 447 2765 vindicanti
464 2693 616 2765 Ciceroni
628 2699 702 2790 jam
720 2691 896 2764 addicunt.
927 2695 1002 2778 Qua
1029 2719 1110 2770 vero
1195 2707 1202 2740 ⁸

94 2821 231 2892 ratione
248 2820 284 2890 in
300 2819 390 2890 hanc
408 2818 604 2914 opinionem
623 2841 829 2889 consensum
846 2817 949 2890 fuerit
963 2818 1114 2892 indican-

98 2944 184 3017 dum
202 2943 302 3016 nobis
333 2943 492 3026 videtum,
512 2953 551 3014 ut
578 2939 700 3013 eadem
728 2951 849 3013 caetera
869 2965 1006 3038 quoque
1035 2944 1112 3029 niti,

98 3092 175 3165 quae
191 3067 409 3166 rejiciuntur,
429 3065 611 3148 manifesto
628 3075 758 3162 pateat.

35 3246 38 3256 ,
146 3193 280 3288 Recipit
292 3191 400 3264 Bothe
420 3192 456 3262 in
476 3191 646 3264 Ciceronis
663 3191 821 3288 propria,
835 3214 912 3287 quae
929 3191 1114 3290 subjiciun-

99 3327 158 3389 tur
172 3316 313 3390 0mnino
330 3326 462 3411 septem
478 3339 487 3386 ε

180 3512 259 3573 Nam
272 3511 297 3572 si
311 3509 486 3571 violandum
500 3514 544 3570 est
557 3510 617 3589 jus,
631 3509 775 3584 regnandi
786 3512 881 3584 gratia

184 3618 368 3680 violandum
384 3622 449 3694 est;
473 3617 538 3679 aliis
563 3618 652 3679 rebus
669 3619 810 3697 pietatem
823 3619 903 3682 colas
922 3618 973 3702 (t).

102 3800 247 3873 Criticus
292 3802 385 3874 enim
431 3802 540 3900 ipsius
582 3803 776 3876 testimonio
824 3804 994 3876 Ciceronis
1043 3830 1112 3880 non

104 3921 271 3996 obluctari
287 3925 424 4021 potuit:
457 3953 473 3994 ‹
501 3927 578 4026 ipse
593 3935 710 3996 cutem
721 3949 842 4012 socer,
863 3927 912 4000 ait
927 3928 1057 4016 Cicero,
1075 3930 1112 4002 in

138 4171 175 4242 (r)
190 4173 227 4229 ne
237 4173 344 4247 offitio,
357 4174 376 4232 1.
393 4177 418 4244 a,
429 4177 474 4232 ar.
487 4171 527 4232 cr.
540 4173 646 4232 suctu
663 4176 761 4234 cesar.
776 4167 984 4249 roone-nunu,
997 4178 1057 4238 oar.
