2836 4880
580 375 737 434 -51-

6 505 9 528 ²
66 551 70 556 ·
147 510 284 582 inlusus
296 507 395 595 ardet
407 505 562 594 animus,
578 507 749 606 discerpta
759 507 916 580 membra
926 530 1024 579 mens
1036 509 1161 606 agitat,

149 646 252 730 poeta
267 636 374 731 spirat
389 645 423 704 et
435 635 531 706 vivit.
550 635 721 706 Ciceronis
737 645 857 705 contra
869 635 1009 730 propria
1029 625 1163 730 poesis,

151 781 228 854 quae
245 757 385 854 quidem
403 782 445 829 ex
460 759 581 829 intimo
599 769 736 856 pectore
753 757 852 842 lluit,
873 769 907 829 et
923 757 1101 830 hominem
1118 767 1168 829 to-

150 892 226 952 tum
258 882 449 976 exprimere
485 881 598 966 solet,
631 877 745 954 nervis
776 881 946 968 deficitur,
986 883 1168 980 exsanguis

152 1007 313 1093 anhelat,
335 1017 370 1078 et
389 1009 555 1079 exanimis
576 1007 779 1104 plerumque
794 1015 898 1105 jacet.

201 1135 389 1206 Careamus
406 1142 523 1204 tamen
540 1157 605 1218 ne,
623 1131 707 1204 dum
721 1133 825 1203 Ennii
838 1129 893 1204 rel
904 1131 989 1202 Attii
1003 1133 1171 1202 miramur

152 1258 311 1354 ingenia,
341 1258 512 1330 Ciceronis
538 1257 649 1328 labori
684 1267 718 1328 et
745 1256 859 1328 studio
884 1257 1030 1344 nimium
1059 1255 1171 1328 detra·

153 1381 291 1453 hamus.
309 1380 614 1478 Equidem'oraror
628 1383 759 1478 impetu
774 1382 907 1478 poetico
931 1405 1001 1453 non
1025 1380 1172 1452 sublime

153 1510 298 1604 rapitur,
320 1531 390 1580 non
406 1509 558 1606 ingenito
574 1509 690 1580 furore
708 1507 870 1580 divinitus
887 1506 1036 1578 calescit.
1056 1508 1172 1591 Quum

154 1645 285 1718 autem,
304 1633 410 1705 verba
426 1633 552 1729 quihus
568 1635 677 1704 utitur
693 1643 727 1704 et
742 1633 896 1729 linguam
915 1631 1097 1728 diligenter
1114 1643 1173 1702 at·-
1194 1673 1195 1678 κ

156 1757 320 1843 tendens,
338 1757 431 1854 apud
444 1757 543 1828 illum
559 1755 712 1853 fingendi
724 1778 990 1850 quoqueversus
1003 1755 1173 1826 rationem
1198 1795 1204 1859 3

155 1895 190 1954 et
221 1881 365 1954 modum
393 1879 561 1951 candidus
586 1879 694 1976 judex
723 1877 986 1963 animadvertis,
1012 1887 1087 1976 jam
1113 1879 1172 1950 illa
1201 1868 1205 1946 l

154 2005 289 2101 poesis,
308 2025 413 2098 quam
432 2000 630 2072 fastidiosus
649 2012 868 2072 contemnere
892 2001 1057 2096 parabas,
1083 2025 1172 2072 nora
1200 2035 1204 2085 r

155 2127 307 2225 quadam
332 2127 444 2222 specie
467 2125 638 2222 legentem
656 2106 805 2209 detinet,
828 2125 913 2220 quin
932 2125 1036 2195 etiam
1055 2123 1172 2196 admi-
1200 2093 1204 2195 l

153 2255 285 2325 ratione
302 2251 469 2324 nonnulla
480 2249 646 2346 percellit.
668 2248 756 2320 lllud
775 2248 967 2320 obsoletum
985 2259 1019 2320 et
1037 2260 1171 2346 agreste

152 2375 276 2474 lingua
295 2375 523 2458 vetustioris,
553 2373 667 2468 poesis
698 2371 935 2467 sermonisque
963 2371 1105 2443 confusa
1135 2368 1200 2493 et?

153 2499 266 2571 adhuc
282 2497 454 2593 indigesta
471 2496 672 2590 permistio,
690 2494 875 2564 verborum
888 2495 1024 2588 pondus
1042 2506 1076 2566 et
1095 2507 1171 2566 tar-
1195 2506 1199 2531 ἲ

152 2623 263 2707 ditas,
284 2632 318 2692 et
342 2644 451 2718 grace
476 2642 572 2690 more
599 2641 705 2714 prava
733 2617 956 2712 compositio,
980 2617 1170 2713 figurarum

152 2743 304 2815 luxuries
322 2753 356 2814 et
372 2741 538 2826 ambitio,
557 2751 746 2835 ceteraque
763 2739 980 2835 superiorum
995 2740 1079 2811 vitia
1095 2765 1170 2836 quae

150 2881 306 2966 repetere
324 2868 508 2940 molestum
530 2867 594 2952 sit,
619 2865 679 2936 ubi
701 2864 841 2936 tandem
864 2865 901 2936 in
919 2865 983 2936 hac
998 2866 1170 2938 Ciceronis

151 2996 305 3066 oratioue
318 2993 456 3066 mollius
470 2992 604 3064 exculta
618 2989 826 3088 supersunt?
838 2991 937 3075 Quod
951 3016 1059 3088 quum
1071 3017 1168 3090 aquo
1231 3051 1234 3058 .

147 3126 226 3216 jure
239 3117 477 3214 perpenditur,
494 3141 628 3202 noune,
643 3115 775 3213 pudore
790 3115 961 3212 quodam,
977 3117 1014 3188 in
1028 3116 1167 3190 laudem
1186 3132 1193 3216 ζ

151 3243 320 3338 vituperia
340 3252 497 3326 vertens,
518 3243 696 3339 ingenium
718 3241 817 3312 Tullii
835 3239 987 3313 vereris?
1010 3244 1055 3314 Ut
1074 3244 1166 3314 enim

151 3367 228 3440 illas
245 3367 385 3452 sordes,
404 3366 503 3437 illum
522 3367 737 3462 squalorem,
756 3365 994 3439 illudsenium
1010 3369 1047 3438 in
1065 3391 1165 3440 mun·

150 3493 257 3578 dam
288 3491 434 3564 nitidam
461 3503 495 3566 et
519 3497 593 3588 jain
621 3491 803 3564 florentem
830 3494 944 3588 poesis
972 3492 1163 3568 ubertatem
1194 3498 1202 3590 ζ

151 3617 324 3703 educeret,
339 3628 468 3714 quanto
480 3617 605 3687 mentis
617 3617 792 3701 acumine,
807 3641 876 3712 qua
888 3616 1082 3714 diligentia,
1095 3643 1164 3716 quo

152 3738 277 3810 sudore
292 3763 362 3810 non
376 3739 425 3810 illi
438 3739 504 3810 fuit
520 3735 630 3834 opus?
644 3737 750 3809 Nobis
767 3738 908 3834 quidem
922 3748 956 3808 et
972 3749 1063 3810 recte
1074 3740 1166 3838 judi·
1195 3723 1202 3839 ζ’

151 3864 244 3936 canti
273 3861 412 3934 cuilibet
436 3863 506 3935 *hoc
536 3872 639 3934 tantae
661 3861 761 3934 molis
784 3859 982 3934 habendum
1006 3874 1076 3948 est,
1101 3876 1160 3950 ut,
1192 3845 1197 3915 Ῐ

151 4011 261 4086 quum
272 3989 366 4083 operi
380 4011 417 4058 se
426 3988 562 4084 juvenis
575 3997 609 4057 et
621 3986 871 4085 propemodum
882 4009 968 4080 puer
979 3987 1162 4058 accinxerit
1188 3983 1193 4059 .’

57 4095 61 4102 ’
151 4115 289 4197 Cicero,
309 4122 344 4182 et
358 4092 512 4183 studimn
525 4110 570 4184 ad
588 4121 798 4184 senectutem
815 4133 924 4205 usque
935 4110 1158 4206 perduxerit,
