2866 4866
550 409 731 466 -lll—

126 537 264 623 laudat,
288 550 323 611 et
348 541 611 627 aamentione,
636 552 677 614 ut
688 541 846 630 videtne,
867 546 976 619 aethe
1003 561 1144 622 conten-

128 671 185 733 tus
218 673 284 734 est.
320 663 375 735 Sic
405 665 602 762 interpres:
635 667 838 751 ‹Queeiree
860 671 1073 758 Carneades,
1104 687 1145 748 ut

126 785 228 858 video
261 798 419 860 nostrum
451 789 600 861 scrihere
625 790 854 878 Antiochum,
893 795 1145 892 reprehendere

128 909 360 1008 Chrysippum
387 911 542 998 solebat,
576 913 777 986 laudantem
806 919 1031 1014 Euripideum
1063 945 1145 993 cer·
1233 949 1238 959 ’

127 1057 209 1105 men
221 1017 306 1107 illud
322 1035 415 1132 (1).»
429 1039 467 1107 ln
481 1061 549 1134 quo
561 1039 812 1124 transferendo,
824 1043 977 1116 Ciceroni
987 1069 1057 1117 non
1071 1058 1143 1118 tam

127 1159 272 1230 feliciter
285 1184 390 1256 quam
402 1162 439 1232 in
457 1163 632 1258 superiore
653 1165 767 1235 cessit.
791 1167 874 1238 Octo
888 1191 1008 1240 versus
1028 1171 1065 1240 in
1082 1194 1143 1244 sex

127 1283 313 1370 contrahit,
327 1295 487 1357 ettamen
504 1288 619 1358 omnia
629 1287 800 1384 producit,
815 1293 943 1388 gravis,
957 1293 1142 1390 impeditus

127 1419 165 1480 et
196 1433 342 1506 repens,
373 1411 431 1482 vix
459 1411 495 1482 in
524 1411 660 1484 duobus
693 1415 779 1485 satis
809 1415 901 1490 lidus
924 1419 1144 1492 :Reddenda

127 1547 200 1620 est,
222 1547 288 1607 etc.
302 1560 311 1620 ;
326 1577 374 1590 -
391 1535 566 1620 metenda,
587 1548 627 1608 ut
649 1537 780 1636 fruges.

213 1759 244 1822 Si
258 1760 333 1820 mihi
347 1778 429 1820 nunc
444 1763 536 1822 tristis
551 1765 684 1841 primum
698 1765 843 1828 illuxisset
857 1769 936 1842 dies,

208 1867 272 1929 Nec
287 1873 350 1930 tam
362 1887 529 1930 aerumnoso
545 1873 730 1944 navigassem
746 1875 823 1947 salo,

130 2033 131 2038 ,
209 1975 294 2038 Esset
308 1979 427 2040 dolendi
438 1997 544 2055 causat
566 1984 600 2040 ut
617 1979 726 2057 iniecto
740 1983 862 2060 equulei

209 2085 306 2148 Freno
320 2092 442 2168 repente
460 2092 543 2150 tactu
561 2091 749 2164 exagitantur
763 2110 852 2166 novo,

208 2194 266 2256 Sed
275 2195 340 2274 jam
357 2196 498 2258 subactus
513 2199 637 2258 miseriis
653 2198 791 2279 obtorpui
811 2197 864 2282 (h).

176 2424 330 2497 Laudato
340 2449 377 2498 se
389 2438 585 2498 convertere
596 2427 712 2499 Cicero
730 2426 899 2524 significet
913 2481 921 2510 ,
935 2425 989 2496 his
1004 2435 1140 2500 tantum

125 2549 267 2623 verbis:
298 2578 314 2617 e
337 2551 383 2620 Ut
411 2549 468 2620 ille
501 2549 593 2643 apud
624 2549 837 2644 Euripidem.
863 2577 879 2616 s
903 2551 973 2618 Nos
1003 2573 1084 2621 vero
1105 2563 1139 2622 et

126 2673 243 2748 adhuc
259 2670 388 2755 Bothe,
416 2671 565 2741 auctoris
583 2670 685 2766 graeci
714 2669 853 2740 nomine
873 2668 1038 2754 laudato,
1059 2673 1141 2742 satis
1162 2731 1164 2736 ,

126 2797 371 2894 intelligimus;
393 2805 427 2866 et
445 2795 605 2894 privatim
625 2795 778 2866 Ciceroni
792 2795 880 2879 vim,
901 2793 1006 2871 fidem
1025 2805 1060 2866 et
1076 2794 1141 2866 ele·

129 2898 283 3026 gantiam
302 2921 528 3020 gratulemur.
552 2923 597 2992 Ut
616 2945 726 3016 saepe,
745 2943 815 2992 non
831 2921 943 3016 imper
965 2919 1009 2992 ab
1034 2920 1141 2993 Euri-

128 3049 210 3148 pide
226 3046 383 3121 discedit.

122 3263 124 3268 ‘
208 3267 299 3329 Vides
311 3267 438 3328 sublime
450 3243 568 3340 iusum,
591 3267 824 3328 immoderatum
841 3264 965 3338 athera,

207 3375 268 3451 Qui
282 3382 383 3438 tenero
398 3382 510 3437 terram
526 3377 721 3456 circumjectu
739 3373 955 3454 amplectitur?

210 3486 302 3548 Hunc
310 3503 464 3548 summum
471 3485 581 3546 habeto
592 3485 708 3558 divum,
716 3483 798 3548 huuc
807 3482 962 3563 perhibeto
969 3481 1074 3543 lovem
1085 3479 1137 3562 (a).

181 3703 226 3774 Ut
240 3723 364 3797 supra,
381 3701 496 3774 Cicero
515 3707 650 3771 tentum
668 3707 843 3774 auctorem
864 3695 1010 3780 laudet3
1035 3723 1051 3764 r
1072 3697 1139 3770 Eu·

169 3959 205 4026 (l)
221 3956 340 4028 Putaui,
354 3960 380 4025 3,
393 3959 438 4016 25.
880 3981 882 3988 >

169 4055 206 4119 (ἰ)
220 4051 302 4124 ute,
312 4053 330 4110 l.
345 4055 371 4120 ³,
383 4055 429 4112 28.
443 4051 483 4110 Cl.
497 4049 673 4122 Boissonade,
686 4052 789 4109 incerto
800 4050 941 4122 tramete,
952 4052 1030 4110 etos

168 4151 204 4224 (a)
218 4151 317 4221 Cicero,
330 4148 362 4206 de
373 4155 473 4206 acturo
484 4148 634 4221 demeat
649 4151 678 4221 25,
690 4152 736 4216 tlt.
750 4147 790 4218 (ti.
802 4145 1094 4229 floherimutodmm.
1109 4148 1135 4202 l.
