<?xml version="1.0" encoding="UTF-8"?>
<!DOCTYPE html PUBLIC "-//W3C//DTD XHTML 1.0 Transitional//EN"
    "http://www.w3.org/TR/xhtml1/DTD/xhtml1-transitional.dtd">
<html xmlns="http://www.w3.org/1999/xhtml" xml:lang="en" lang="en">
 <head>
  <title>
</title>
<meta http-equiv="Content-Type" content="text/html;charset=utf-8" />
  <meta name='ocr-system' content='tesseract 3.04.00' />
  <meta name='ocr-capabilities' content='ocr_page ocr_carea ocr_par ocr_line ocrx_word'/>
</head>
<body>
  <div class='ocr_page' id='page_1' title='image "./depoeticamtulli01fagugoog_0145.png"; bbox 0 0 2866 4866; ppageno 0'>
   <div class='ocr_carea' id='block_1_1' title="bbox 448 1200 792 1358">
    <p class='ocr_par' dir='ltr' id='par_1_1' title="bbox 448 1200 792 1358">
     <span class='ocr_line' id='line_1_1' title="bbox 448 1200 792 1358; baseline 0.006 -4"><span class='ocrx_word' id='word_1_1' title='bbox 448 1200 792 1358; x_wconf 73' lang='lat' dir='ltr'><strong>aninumr.</strong></span> 
     </span>
    </p>
   </div>
   <div class='ocr_carea' id='block_1_2' title="bbox 113 1851 1121 2445">
    <p class='ocr_par' dir='ltr' id='par_1_2' title="bbox 113 1851 1121 2324">
     <span class='ocr_line' id='line_1_2' title="bbox 165 1851 1121 1951; baseline 0.004 -29"><span class='ocrx_word' id='word_1_2' title='bbox 165 1852 227 1924; x_wconf 88' lang='lat' dir='ltr'><strong>Hic</strong></span> <span class='ocrx_word' id='word_1_3' title='bbox 255 1851 410 1923; x_wconf 92' lang='lat' dir='ltr'><strong>omnium</strong></span> <span class='ocrx_word' id='word_1_4' title='bbox 433 1851 582 1924; x_wconf 85' lang='lat' dir='ltr'><strong>indicem</strong></span> <span class='ocrx_word' id='word_1_5' title='bbox 608 1851 808 1950; x_wconf 77' lang='lat' dir='ltr'><strong>subjicimus</strong></span> <span class='ocrx_word' id='word_1_6' title='bbox 833 1853 1008 1938; x_wconf 86' lang='lat' dir='ltr'><strong>locorum,</strong></span> <span class='ocrx_word' id='word_1_7' title='bbox 1039 1857 1121 1951; x_wconf 90' lang='lat' dir='ltr'><strong>qui,</strong></span> 
     </span>
     <span class='ocr_line' id='line_1_3' title="bbox 116 1975 1121 2076; baseline 0.004 -29"><span class='ocrx_word' id='word_1_8' title='bbox 116 1975 208 2072; x_wconf 86' lang='lat' dir='ltr'><strong>apud</strong></span> <span class='ocrx_word' id='word_1_9' title='bbox 225 1977 436 2060; x_wconf 86' lang='lat' dir='ltr'>Ciceronem,</span> <span class='ocrx_word' id='word_1_10' title='bbox 450 1975 578 2047; x_wconf 90' lang='lat' dir='ltr'><strong>nullius</strong></span> <span class='ocrx_word' id='word_1_11' title='bbox 594 1976 742 2047; x_wconf 88' lang='lat' dir='ltr'><strong>auctoris</strong></span> <span class='ocrx_word' id='word_1_12' title='bbox 761 1977 900 2049; x_wconf 91' lang='lat' dir='ltr'><strong>nomine</strong></span> <span class='ocrx_word' id='word_1_13' title='bbox 910 1982 1121 2076; x_wconf 82' lang='lat' dir='ltr'><strong>praescripto,</strong></span> 
     </span>
     <span class='ocr_line' id='line_1_4' title="bbox 114 2101 1120 2202; baseline 0.003 -30"><span class='ocrx_word' id='word_1_14' title='bbox 114 2101 312 2172; x_wconf 79' lang='lat' dir='ltr'><strong>criticorum</strong></span> <span class='ocrx_word' id='word_1_15' title='bbox 334 2107 529 2198; x_wconf 86' lang='lat' dir='ltr'><strong>conjectura</strong></span> <span class='ocrx_word' id='word_1_16' title='bbox 559 2111 619 2172; x_wconf 86' lang='lat' dir='ltr'><strong>aut</strong></span> <span class='ocrx_word' id='word_1_17' title='bbox 641 2102 944 2197; x_wconf 85' lang='lat' dir='ltr'><strong>grammaticorum</strong></span> <span class='ocrx_word' id='word_1_18' title='bbox 967 2103 1120 2202; x_wconf 87' lang='lat' dir='ltr'><strong>judicic,</strong></span> 
     </span>
     <span class='ocr_line' id='line_1_5' title="bbox 113 2207 1120 2324; baseline 0.004 -28"><span class='ocrx_word' id='word_1_19' title='bbox 113 2227 219 2298; x_wconf 86' lang='lat' dir='ltr'><strong>variis</strong></span> <span class='ocrx_word' id='word_1_20' title='bbox 238 2225 451 2311; x_wconf 86' lang='lat' dir='ltr'><strong>auctoribus,</strong></span> <span class='ocrx_word' id='word_1_21' title='bbox 470 2227 607 2324; x_wconf 79' lang='lat' dir='ltr'><strong>tragicis</strong></span> <span class='ocrx_word' id='word_1_22' title='bbox 626 2236 686 2298; x_wconf 84' lang='lat' dir='ltr'><strong>aut</strong></span> <span class='ocrx_word' id='word_1_23' title='bbox 700 2227 852 2314; x_wconf 86' lang='lat' dir='ltr'><strong>comicis,</strong></span> <span class='ocrx_word' id='word_1_24' title='bbox 867 2207 1120 2302; x_wconf 82' lang='lat' dir='ltr'><strong>adscribuntur.</strong></span> 
     </span>
    </p>

    <p class='ocr_par' dir='ltr' id='par_1_3' title="bbox 166 2352 481 2445">
     <span class='ocr_line' id='line_1_6' title="bbox 166 2352 481 2445; baseline 0.006 -25"><span class='ocrx_word' id='word_1_25' title='bbox 166 2352 205 2422; x_wconf 85' lang='lat' dir='ltr'><strong>In</strong></span> <span class='ocrx_word' id='word_1_26' title='bbox 221 2352 365 2422; x_wconf 70' lang='lat' dir='ltr'><strong>Attidem.</strong></span> <span class='ocrx_word' id='word_1_27' title='bbox 381 2354 481 2445; x_wconf 80' lang='lat' dir='ltr'><strong>prior.</strong></span> 
     </span>
    </p>
   </div>
   <div class='ocr_carea' id='block_1_3' title="bbox 116 2553 1122 2854">
    <p class='ocr_par' dir='ltr' id='par_1_4' title="bbox 116 2553 1122 2854">
     <span class='ocr_line' id='line_1_7' title="bbox 116 2553 1040 2628; baseline 0 -12"><span class='ocrx_word' id='word_1_28' title='bbox 116 2555 151 2616; x_wconf 88' lang='lat' dir='ltr'><strong>L.</strong></span> <span class='ocrx_word' id='word_1_29' title='bbox 177 2559 210 2627; x_wconf 71' lang='lat'><strong>2,</strong></span> <span class='ocrx_word' id='word_1_30' title='bbox 227 2555 278 2614; x_wconf 64' lang='grc' dir='ltr'><strong>Ἢ.</strong></span> <span class='ocrx_word' id='word_1_31' title='bbox 300 2553 476 2617; x_wconf 82' lang='lat' dir='ltr'><strong>Alcmaeonis</strong></span> <span class='ocrx_word' id='word_1_32' title='bbox 491 2553 709 2628; x_wconf 79' lang='lat' dir='ltr'><strong>fragmentum,</strong></span> <span class='ocrx_word' id='word_1_33' title='bbox 730 2559 760 2616; x_wconf 89' lang='lat' dir='ltr'><strong>et</strong></span> <span class='ocrx_word' id='word_1_34' title='bbox 774 2555 904 2616; x_wconf 86' lang='lat' dir='ltr'><strong>alterum</strong></span> <span class='ocrx_word' id='word_1_35' title='bbox 918 2556 1040 2618; x_wconf 84' lang='lat' dir='ltr'><strong>Iliones:</strong></span> 
     </span>
     <span class='ocr_line' id='line_1_8' title="bbox 301 2664 678 2748; baseline -0.008 -23"><span class='ocrx_word' id='word_1_36' title='bbox 301 2665 407 2738; x_wconf 81' lang='lat' dir='ltr'><strong>Mater,</strong></span> <span class='ocrx_word' id='word_1_37' title='bbox 423 2665 454 2725; x_wconf 86' lang='lat' dir='ltr'><strong>te</strong></span> <span class='ocrx_word' id='word_1_38' title='bbox 470 2664 602 2743; x_wconf 89' lang='lat' dir='ltr'><strong>appello,</strong></span> <span class='ocrx_word' id='word_1_39' title='bbox 619 2669 678 2748; x_wconf 86' lang='lat' dir='ltr'><strong>etc.</strong></span> 
     </span>
     <span class='ocr_line' id='line_1_9' title="bbox 146 2769 1122 2854; baseline 0 -19"><span class='ocrx_word' id='word_1_40' title='bbox 146 2811 181 2820; x_wconf 93' lang='lat'>—</span> <span class='ocrx_word' id='word_1_41' title='bbox 225 2775 276 2835; x_wconf 74' lang='lat'><strong>28.</strong></span> <span class='ocrx_word' id='word_1_42' title='bbox 298 2771 474 2854; x_wconf 87' lang='lat' dir='ltr'><strong>Niptrorum</strong></span> <span class='ocrx_word' id='word_1_43' title='bbox 487 2769 609 2834; x_wconf 79' lang='lat' dir='ltr'><strong>fortasse</strong></span> <span class='ocrx_word' id='word_1_44' title='bbox 623 2772 718 2848; x_wconf 63' lang='lat' dir='ltr'><strong>frag„</strong></span> <span class='ocrx_word' id='word_1_45' title='bbox 738 2777 768 2834; x_wconf 88' lang='lat' dir='ltr'><strong>et</strong></span> <span class='ocrx_word' id='word_1_46' title='bbox 788 2771 917 2836; x_wconf 86' lang='lat' dir='ltr'><strong>alterum</strong></span> <span class='ocrx_word' id='word_1_47' title='bbox 930 2773 1122 2837; x_wconf 73' lang='lat' dir='ltr'><strong>Alcmeonis:</strong></span> 
     </span>
    </p>
   </div>
   <div class='ocr_carea' id='block_1_4' title="bbox 167 2956 905 3052">
    <p class='ocr_par' dir='ltr' id='par_1_5' title="bbox 167 2956 905 3052">
     <span class='ocr_line' id='line_1_10' title="bbox 167 2956 905 3052; baseline 0.004 -24"><span class='ocrx_word' id='word_1_48' title='bbox 167 2961 205 3028; x_wconf 81' lang='lat' dir='ltr'><strong>In</strong></span> <span class='ocrx_word' id='word_1_49' title='bbox 225 2956 322 3030; x_wconf 85' lang='lat' dir='ltr'><strong>libris</strong></span> <span class='ocrx_word' id='word_1_50' title='bbox 339 2959 386 3028; x_wconf 84' lang='lat' dir='ltr'><strong>De</strong></span> <span class='ocrx_word' id='word_1_51' title='bbox 400 2960 513 3052; x_wconf 79' lang='lat' dir='ltr'><strong>finibus</strong></span> <span class='ocrx_word' id='word_1_52' title='bbox 529 2961 680 3029; x_wconf 79' lang='lat' dir='ltr'><strong>bonorum</strong></span> <span class='ocrx_word' id='word_1_53' title='bbox 697 2961 905 3031; x_wconf 75' lang='lat' dir='ltr'><strong>etmalorum.</strong></span> 
     </span>
    </p>
   </div>
   <div class='ocr_carea' id='block_1_5' title="bbox 57 3161 1097 4215">
    <p class='ocr_par' dir='ltr' id='par_1_6' title="bbox 57 3161 1097 4215">
     <span class='ocr_line' id='line_1_11' title="bbox 118 3161 658 3236; baseline -0.004 -12"><span class='ocrx_word' id='word_1_54' title='bbox 118 3164 154 3224; x_wconf 90' lang='lat' dir='ltr'><strong>L.</strong></span> <span class='ocrx_word' id='word_1_55' title='bbox 183 3165 216 3236; x_wconf 53' lang='grc' dir='ltr'><strong>ἢ,</strong></span> <span class='ocrx_word' id='word_1_56' title='bbox 249 3165 280 3224; x_wconf 74' lang='lat' dir='ltr'><strong>t.</strong></span> <span class='ocrx_word' id='word_1_57' title='bbox 301 3161 398 3224; x_wconf 78' lang='lat' dir='ltr'><strong>Tanta</strong></span> <span class='ocrx_word' id='word_1_58' title='bbox 412 3161 529 3234; x_wconf 81' lang='lat' dir='ltr'><strong>laetitia,</strong></span> <span class='ocrx_word' id='word_1_59' title='bbox 547 3166 593 3222; x_wconf 82' lang='lat' dir='ltr'><strong>etc</strong></span> <span class='ocrx_word' id='word_1_60' title='bbox 597 3203 658 3222; x_wconf 90' lang='lat'><strong>.....</strong></span> 
     </span>
     <span class='ocr_line' id='line_1_12' title="bbox 302 3271 670 3343; baseline -0.005 -12"><span class='ocrx_word' id='word_1_61' title='bbox 302 3272 388 3332; x_wconf 88' lang='lat' dir='ltr'><strong>Nune</strong></span> <span class='ocrx_word' id='word_1_62' title='bbox 401 3271 538 3343; x_wconf 88' lang='lat' dir='ltr'><strong>demum,</strong></span> <span class='ocrx_word' id='word_1_63' title='bbox 556 3274 603 3330; x_wconf 87' lang='lat' dir='ltr'><strong>etc</strong></span> <span class='ocrx_word' id='word_1_64' title='bbox 608 3311 670 3329; x_wconf 89' lang='lat'><strong>.....</strong></span> 
     </span>
     <span class='ocr_line' id='line_1_13' title="bbox 303 3379 809 3458; baseline -0.004 -18"><span class='ocrx_word' id='word_1_65' title='bbox 303 3379 484 3458; x_wconf 82' lang='lat' dir='ltr'><strong>Quanquam</strong></span> <span class='ocrx_word' id='word_1_66' title='bbox 497 3380 561 3441; x_wconf 84' lang='lat' dir='ltr'><strong>haec</strong></span> <span class='ocrx_word' id='word_1_67' title='bbox 574 3381 651 3440; x_wconf 87' lang='lat' dir='ltr'><strong>inter</strong></span> <span class='ocrx_word' id='word_1_68' title='bbox 665 3396 733 3452; x_wconf 88' lang='lat' dir='ltr'><strong>nos,</strong></span> <span class='ocrx_word' id='word_1_69' title='bbox 753 3381 809 3439; x_wconf 81' lang='lat' dir='ltr'><strong>etc.</strong></span> 
     </span>
     <span class='ocr_line' id='line_1_14' title="bbox 121 3487 922 3566; baseline -0.005 -14"><span class='ocrx_word' id='word_1_70' title='bbox 121 3492 157 3552; x_wconf 94' lang='lat' dir='ltr'><strong>L.</strong></span> <span class='ocrx_word' id='word_1_71' title='bbox 185 3489 218 3563; x_wconf 65' lang='grc' dir='ltr'><strong>Ξ,</strong></span> <span class='ocrx_word' id='word_1_72' title='bbox 243 3495 277 3550; x_wconf 82' lang='grc'><strong>6.</strong></span> <span class='ocrx_word' id='word_1_73' title='bbox 301 3489 413 3552; x_wconf 87' lang='lat' dir='ltr'><strong>Omnes</strong></span> <span class='ocrx_word' id='word_1_74' title='bbox 425 3491 520 3550; x_wconf 72' lang='lat' dir='ltr'><strong>Danai</strong></span> <span class='ocrx_word' id='word_1_75' title='bbox 534 3493 625 3565; x_wconf 87' lang='lat' dir='ltr'><strong>atque</strong></span> <span class='ocrx_word' id='word_1_76' title='bbox 640 3487 845 3566; x_wconf 76' lang='lat' dir='ltr'><strong>Mycenenses,</strong></span> <span class='ocrx_word' id='word_1_77' title='bbox 863 3493 922 3548; x_wconf 89' lang='lat' dir='ltr'><strong>etc.</strong></span> 
     </span>
     <span class='ocr_line' id='line_1_15' title="bbox 147 3599 858 3677; baseline -0.006 -17"><span class='ocrx_word' id='word_1_78' title='bbox 147 3633 188 3646; x_wconf 90' lang='lat'><strong>--</strong></span> <span class='ocrx_word' id='word_1_79' title='bbox 229 3599 280 3660; x_wconf 75' lang='lat' dir='ltr'><strong>m.</strong></span> <span class='ocrx_word' id='word_1_80' title='bbox 303 3599 397 3660; x_wconf 89' lang='lat' dir='ltr'><strong>Nemo</strong></span> <span class='ocrx_word' id='word_1_81' title='bbox 411 3600 478 3677; x_wconf 89' lang='lat' dir='ltr'><strong>pius</strong></span> <span class='ocrx_word' id='word_1_82' title='bbox 490 3603 550 3670; x_wconf 87' lang='lat' dir='ltr'><strong>est,</strong></span> <span class='ocrx_word' id='word_1_83' title='bbox 568 3600 619 3674; x_wconf 87' lang='lat' dir='ltr'><strong>qui</strong></span> <span class='ocrx_word' id='word_1_84' title='bbox 632 3600 786 3676; x_wconf 85' lang='lat' dir='ltr'><strong>pietatem,</strong></span> <span class='ocrx_word' id='word_1_85' title='bbox 801 3600 858 3657; x_wconf 88' lang='lat' dir='ltr'><strong>etc.</strong></span> 
     </span>
     <span class='ocr_line' id='line_1_16' title="bbox 149 3701 1097 3784; baseline -0.001 -18"><span class='ocrx_word' id='word_1_86' title='bbox 149 3741 190 3754; x_wconf 90' lang='lat'><em>-</em></span> <span class='ocrx_word' id='word_1_87' title='bbox 231 3707 283 3768; x_wconf 71' lang='lat'><strong>29.</strong></span> <span class='ocrx_word' id='word_1_88' title='bbox 306 3703 394 3780; x_wconf 85' lang='lat' dir='ltr'><strong>Quod</strong></span> <span class='ocrx_word' id='word_1_89' title='bbox 403 3705 528 3784; x_wconf 88' lang='lat' dir='ltr'><strong>ejulatu,</strong></span> <span class='ocrx_word' id='word_1_90' title='bbox 543 3708 663 3781; x_wconf 86' lang='lat' dir='ltr'><strong>questu,</strong></span> <span class='ocrx_word' id='word_1_91' title='bbox 676 3705 805 3778; x_wconf 78' lang='lat' dir='ltr'><strong>gemitu,</strong></span> <span class='ocrx_word' id='word_1_92' title='bbox 821 3701 998 3777; x_wconf 82' lang='lat' dir='ltr'><strong>fremitibus,</strong></span> <span class='ocrx_word' id='word_1_93' title='bbox 1011 3707 1097 3765; x_wconf 85' lang='lat' dir='ltr'><strong>etc...</strong></span> 
     </span>
     <span class='ocr_line' id='line_1_17' title="bbox 304 3811 966 3891; baseline -0.008 -17"><span class='ocrx_word' id='word_1_94' title='bbox 304 3811 359 3874; x_wconf 87' lang='lat' dir='ltr'><strong>Cui</strong></span> <span class='ocrx_word' id='word_1_95' title='bbox 372 3813 504 3891; x_wconf 88' lang='lat' dir='ltr'><strong>viperino</strong></span> <span class='ocrx_word' id='word_1_96' title='bbox 516 3829 618 3872; x_wconf 91' lang='lat' dir='ltr'><strong>morsu</strong></span> <span class='ocrx_word' id='word_1_97' title='bbox 633 3828 717 3872; x_wconf 77' lang='lat' dir='ltr'><strong>vene</strong></span> <span class='ocrx_word' id='word_1_98' title='bbox 728 3811 892 3884; x_wconf 77' lang='lat' dir='ltr'><strong>viscerum,</strong></span> <span class='ocrx_word' id='word_1_99' title='bbox 909 3813 966 3871; x_wconf 88' lang='lat' dir='ltr'><strong>etc.</strong></span> 
     </span>
     <span class='ocr_line' id='line_1_18' title="bbox 124 3919 676 3992; baseline -0.005 -9"><span class='ocrx_word' id='word_1_100' title='bbox 124 3923 159 3983; x_wconf 90' lang='lat' dir='ltr'><strong>L.</strong></span> <span class='ocrx_word' id='word_1_101' title='bbox 183 3923 213 3992; x_wconf 81' lang='lat'><strong>5,</strong></span> <span class='ocrx_word' id='word_1_102' title='bbox 235 3921 284 3982; x_wconf 79' lang='lat'><strong>10.</strong></span> <span class='ocrx_word' id='word_1_103' title='bbox 306 3919 381 3983; x_wconf 82' lang='lat' dir='ltr'><strong>Mihi</strong></span> <span class='ocrx_word' id='word_1_104' title='bbox 394 3922 434 3980; x_wconf 90' lang='lat' dir='ltr'><strong>sic</strong></span> <span class='ocrx_word' id='word_1_105' title='bbox 448 3938 520 3981; x_wconf 90' lang='lat' dir='ltr'><strong>usus</strong></span> <span class='ocrx_word' id='word_1_106' title='bbox 537 3925 601 3992; x_wconf 84' lang='lat' dir='ltr'><strong>est,</strong></span> <span class='ocrx_word' id='word_1_107' title='bbox 617 3924 676 3980; x_wconf 90' lang='lat' dir='ltr'><strong>etc.</strong></span> 
     </span>
     <span class='ocr_line' id='line_1_19' title="bbox 149 4031 791 4112; baseline -0.005 -20"><span class='ocrx_word' id='word_1_108' title='bbox 149 4065 191 4112; x_wconf 65' lang='lat'><strong>,··</strong></span> <span class='ocrx_word' id='word_1_109' title='bbox 237 4049 282 4094; x_wconf 80' lang='lat' dir='ltr'><strong>xr.</strong></span> <span class='ocrx_word' id='word_1_110' title='bbox 304 4031 443 4106; x_wconf 75' lang='lat' dir='ltr'><strong>Refugiat</strong></span> <span class='ocrx_word' id='word_1_111' title='bbox 455 4031 551 4092; x_wconf 83' lang='lat' dir='ltr'><strong>subito</strong></span> <span class='ocrx_word' id='word_1_112' title='bbox 566 4047 716 4104; x_wconf 75' lang='lat' dir='ltr'><strong>sanguen,</strong></span> <span class='ocrx_word' id='word_1_113' title='bbox 732 4033 791 4090; x_wconf 88' lang='lat' dir='ltr'><strong>ete.</strong></span> 
     </span>
     <span class='ocr_line' id='line_1_20' title="bbox 57 4139 596 4215; baseline -0.007 -12"><span class='ocrx_word' id='word_1_114' title='bbox 57 4156 58 4159; x_wconf 73' lang='grc'>’</span> <span class='ocrx_word' id='word_1_115' title='bbox 149 4175 189 4188; x_wconf 92' lang='grc'>-</span> <span class='ocrx_word' id='word_1_116' title='bbox 231 4146 282 4202; x_wconf 71' lang='lat'><strong>22.</strong></span> <span class='ocrx_word' id='word_1_117' title='bbox 305 4141 369 4215; x_wconf 74' lang='lat' dir='ltr'><strong>ugo</strong></span> <span class='ocrx_word' id='word_1_118' title='bbox 381 4159 449 4202; x_wconf 90' lang='lat' dir='ltr'><strong>sum</strong></span> <span class='ocrx_word' id='word_1_119' title='bbox 464 4139 596 4202; x_wconf 85' lang='lat' dir='ltr'><strong>Orestes.</strong></span> 
     </span>
    </p>
   </div>
   <div class='ocr_carea' id='block_1_6' title="bbox 0 0 1438 4866">
    <p class='ocr_par' dir='ltr' id='par_1_7' title="bbox 0 0 1438 4866">
     <span class='ocr_line' id='line_1_21' title="bbox 0 0 1438 4866; baseline 0 0"><span class='ocrx_word' id='word_1_120' title='bbox 0 0 1438 4866; x_wconf 95' lang='lat' dir='ltr'><strong> </strong></span> 
     </span>
    </p>
   </div>
  </div>
 </body>
</html>
