2836 4880
708 366 872 425 ..40-

276 503 407 576 caronis
418 501 681 574 obtrectatorem
691 498 875 582 exstitisse,
890 497 950 592 qui
962 519 1020 568 eos
1034 495 1171 570 ridiculi
1182 519 1305 568 cansa

276 637 511 712 commentus,
533 626 671 697 innoxio
692 625 845 696 Ciceroni
869 625 922 694 :0
944 621 1173 708 fortunatam,
1199 633 1301 708 etc.,

276 752 472 826 asseruerit.
491 751 567 836 Qua
585 749 782 823 defensioue
798 748 913 820 nescio
931 771 976 818 an
989 746 1124 819 nullum
1134 769 1306 842 unquam

276 880 407 950 crimen
424 900 523 948 reum
539 876 677 973 gravius
697 874 920 970 oppresserit.

326 1000 466 1098 Aliquid
489 1013 605 1072 tamen
629 1001 848 1098 ingeniosum
871 1009 913 1070 et·
928 997 1054 1070 subtile
1076 997 1185 1069 critici
1209 1021 1306 1068 sen-

277 1125 392 1196 tentiae
419 1123 550 1196 subest.
578 1122 666 1195 Illud
691 1123 783 1194 enim
807 1121 1011 1194 famosum:
1037 1119 1305 1192 Ofortunatam

281 1259 419 1332 natam,
443 1258 531 1332 eta,
551 1249 600 1318 ita
616 1247 792 1320 conditum
810 1257 879 1332 est,
902 1257 942 1318 ut
960 1247 1126 1342 suspicari
1144 1247 1260 1342 possis
1282 1269 1305 1316 a

282 1373 434 1446 derisore
444 1371 594 1468 quodam
607 1372 673 1444 hoc
685 1373 855 1468 praecipue
866 1383 1025 1444 curatum
1035 1371 1142 1442 fuisse
1153 1427 1161 1455 ,
1173 1382 1213 1442 ut
1225 1378 1303 1468 jac-

282 1499 404 1570 tationi
431 1521 566 1594 semper
592 1497 712 1594 eadem
739 1498 877 1568 iteranti
902 1495 1126 1593 responderet
1147 1495 1304 1567 irridens

284 1622 382 1708 echo,
397 1633 431 1694 et
442 1623 667 1719 pervicaciam
681 1623 918 1694 ostentationis
932 1624 1166 1718 importunam
1179 1629 1305 1719 jocosa

284 1750 377 1822 vocis
393 1751 507 1847 imago
532 1749 693 1834 referret,
721 1759 754 1820 et
777 1747 901 1820 iisdem
927 1748 1067 1845 syllabis
1089 1749 1301 1819 imitaretur.

285 1873 416 1944 Scitum
429 1897 511 1944 sane
521 1896 673 1956 carmen,
687 1872 716 1942 si
729 1871 773 1942 ad
786 1871 851 1943 hoc
863 1881 1044 1967 spectaret.
1058 1872 1174 1954 Quum
1183 1883 1304 1942 autem

286 1997 547 2094 comprohatum
568 1999 613 2070 sit
630 2009 664 2070 et
679 1997 771 2068 illius
787 2009 963 2070 auctorem
982 2021 1057 2068 esse
1076 1998 1300 2083 Ciceronem,

289 2135 323 2194 et
340 2123 434 2194 aliud
447 2125 484 2194 in
496 2125 611 2195 animo
624 2122 806 2207 habuisse,
826 2147 932 2218 quam
948 2122 1090 2194 feliciter
1101 2123 1151 2194 illi
1161 2124 1303 2195 cesserit

289 2249 479 2332 sententia,
498 2260 606 2344 patet.

340 2371 430 2456 Quid
444 2383 560 2444 autem
578 2373 621 2446 ad
633 2373 847 2469 propositum
866 2382 901 2443 et
912 2372 1165 2444 conclusionem
1182 2373 1301 2460 refert,

291 2495 444 2593 singulos
461 2507 495 2568 et
507 2497 701 2568 istiusmodi
714 2521 853 2593 carpere
866 2521 1000 2582 versus,
1017 2508 1185 2592 questam
1201 2497 1304 2568 multi

291 2616 497 2704 deriserunt,
507 2629 547 2690 ut
562 2619 640 2691 illos
648 2629 833 2690 retractare
843 2643 940 2715 paene
952 2619 1139 2692 deridiculo
1148 2621 1303 2693 futurum

293 2741 360 2814 sit?
373 2743 572 2814 Ciceronem
583 2745 777 2838 inpropriis
790 2743 998 2816 carminibus
1011 2746 1125 2816 animo
1140 2756 1174 2816 et
1188 2747 1304 2818 afflatu

292 2867 392 2940 defici
408 2867 623 2936 manifestius
640 2865 898 2962 comprobares,
913 2869 942 2938 si
958 2867 1093 2939 cuidam
1110 2893 1303 2942 occurreres

292 3001 515 3088 argumente,
536 2989 628 3086 quod
641 2991 792 3062 oratione
805 2991 917 3062 soluta
930 2993 1082 3064 vicissim
1099 3003 1133 3063 et
1150 2993 1303 3066 versibus

294 3116 475 3212 attigisset.
495 3116 591 3185 Hauc
612 3124 727 3184 autem
750 3113 946 3186 conferendi
970 3116 1138 3187 rationem
1155 3119 1255 3188 tertia
1268 3119 1304 3190 iu

295 3237 476 3310 Catilinam
487 3237 595 3309 oratio
608 3237 694 3310 etde
707 3237 887 3310 consulatu
897 3262 1035 3311 carmen
1045 3241 1230 3314 sufficiunt.

346 3364 454 3432 Poetae
472 3364 651 3434 materiam
667 3361 796 3458 praebet
815 3372 941 3435 orator.
958 3367 1058 3436 ⁴llam
1079 3367 1184 3462 igitur
1203 3390 1303 3462 quam

296 3485 439 3558 feliciter
446 3484 505 3558 ille
513 3497 687 3558 convertat
696 3497 730 3558 et
740 3498 894 3574 exornet,
905 3513 1014 3586 operae
1025 3491 1176 3585 pretium
1187 3501 1237 3562 est
1247 3515 1303 3561 au·

293 3607 386 3680 dire.
408 3611 516 3680 Locus
536 3609 628 3703 apud
644 3621 829 3705 utrumque
849 3612 959 3684 tribus
978 3613 1133 3707 partibus
1151 3626 1299 3688 constat:

303 3733 339 3800 1ο
360 3729 436 3801 coeli
455 3729 638 3828 prodigiis;
658 3735 699 3800 2⁰
717 3733 937 3806 terrestribus
960 3737 1145 3822 monstris;
1165 3739 1205 3808 3⁰
1224 3739 1300 3810 irua-

299 3857 378 3953 gine
394 3858 467 3927 Jovi
483 3867 692 3928 consecrata.

349 3982 402 4052 Sic
419 3982 566 4076 primam
586 3995 837 4080 aggressusest
856 3993 972 4056 orator
992 4009 1000 4054 :

354 4134 369 4172 a
395 4106 600 4202 Quanquam
617 4107 839 4193 haecomnia,
860 4108 1028 4193 Quirites,
1048 4110 1096 4180 ita
1119 4122 1199 4182 sunt
1216 4119 1299 4182 aure
