2866 4866
519 391 696 452 -rat-

145 525 289 622 Propria
305 523 477 596 Ciceronis
493 523 648 596 carmine
663 546 733 596 non
751 524 905 599 oratione
923 527 1057 624 magis,
1076 538 1116 599 ut

93 647 198 720 nobis
229 646 387 733 videtur,
417 670 522 743 quam
552 647 694 721 oonsilio
722 659 899 744 praestant.
931 650 993 722 Hic
1023 651 1116 725 euim

95 781 266 844 occurent
283 793 363 867 qua,
376 769 564 842 deridiculo
580 770 714 842 famoso
729 770 971 845 celebrantur:

344 965 457 1030 Cedant
471 987 555 1029 arma
573 973 671 1042 tege,
692 973 751 1030 etc.

344 1071 570 1136 Ofortunatam
587 1080 710 1150 natam,
733 1080 790 1137 etc.

148 1281 234 1365 Qua
251 1303 360 1376 quum
378 1281 427 1350 De
444 1282 626 1372 temporibus
647 1283 710 1350 oute
727 1301 866 1351 carmen
882 1279 1115 1376 turpaverint‚

100 1427 171 1476 non
196 1402 412 1476 absimilibus
440 1402 708 1476 exornatum-de
733 1402 914 1476 consulatu
938 1403 1119 1501 fragmen-

101 1539 177 1600 tum
205 1527 374 1624 arguitur.
397 1529 437 1598 ln
462 1526 528 1600 hoc
556 1528 660 1599 etiam
681 1528 857 1624 repentia,
885 1527 986 1613 dura,
1012 1529 1119 1624 impe·

101 1649 197 1735 dita,
231 1649 363 1722 hiantia
398 1648 563 1745 pleraque
599 1649 688 1722 inira
727 1650 899 1722 Ciceronis
929 1650 1116 1723 orationem

100 1775 251 1848 solutam
279 1772 483 1857 subsidunt,
506 1772 635 1846 nedum
654 1774 790 1846 Urania
810 1774 1011 1847 vaticinium
1035 1775 1119 1844 Pro·

95 1900 242 1991 comtos
279 1907 314 1968 ct
340 1899 552 1968 Pleuomcmi
586 1895 740 1968 conferre
770 1896 883 1968 liceat.
923 1898 1005 1980 Qun
1025 1921 1118 1970 *vero

100 2043 208 2092 cause
229 2031 281 2094 est
304 2044 366 2092 our
384 2021 420 2091 in
438 2020 585 2116 propriis
601 2043 733 2116 sensus
746 2020 898 2116 poeticus
920 2021 1117 2094 Ciceronem

99 2141 173 2214 fere
196 2139 355 2214 deseret?
371 2183 420 2196 -·
436 2141 578 2214 Modum
605 2140 784 2214 excederet
808 2143 868 2238 qui
893 2143 1118 2241 perexiguum

101 2265 250 2338 oratoris
269 2275 304 2338 et
327 2275 434 2361 poeta
455 2265 665 2338 consortium
692 2288 768 2378 esso
795 2264 1028 2338 contenderet.
1050 2267 1120 2340 Neo

101 2391 178 2486 ipse
197 2391 393 2487 negaverim
413 2387 565 2485 aliquam
589 2389 774 2464 interillos
800 2412 875 2462 esse
897 2391 1117 2478 societatem,

102 2513 154 2585 ita
170 2537 253 2586 vero
277 2524 316 2586 ut
338 2513 536 2586 discrimine
560 2513 711 2609 quodam
737 2524 772 2584 et
795 2514 932 2610 ingenio
955 2515 1121 2611 singulari

103 2634 364 2733 dignoscantur.
380 2639 510 2710 Eorum
524 2634 646 2706 saltem
659 2635 768 2709 musis
781 2657 947 2732 germana
961 2635 1120 2732 quadam

105 2769 167 2832 aut
180 2758 292 2832 affinis
310 2761 401 2832 inest
424 2759 624 2843 diversitas,
646 2761 768 2851 quatem
789 2761 869 2830 decu
886 2780 944 2828 esse
961 2782 1116 2832 sororum.

104 2883 219 2966 Quam
233 2881 466 2956 diversitatem
486 2906 594 2979 quum
611 2881 698 2954 alter
711 2880 830 2954 tollere
842 2883 975 2966 nititur,
989 2881 1025 2952 in
1038 2880 1120 2954 alto-

105 3007 179 3078 rius
188 3007 260 3078 lere
272 3016 433 3077 naturam
441 3005 591 3102 migrare
601 3014 727 3101 potsse
744 3029 852 3101 quum
863 3015 979 3078 autem
989 3015 1116 3092 orator,

99 3127 187 3206 ‚licet
201 3128 549 3226 poesimaggressus‚
569 3127 692 3200 obnixe
703 3139 882 3224 permanet
897 3139 1024 3215 orator,
1037 3153 1119 3227 quo-

106 3249 213 3324 modo
227 3274 264 3322 so
278 3257 353 3348 jam
370 3273 553 3322 evasurum
568 3273 644 3322 esse
660 3260 798 3345 poetam
814 3248 990 3345 speraret?
1006 3253 1119 3326 Cons-

107 3383 160 3446 tat
181 3395 263 3446 vero
285 3384 369 3469 quot
391 3382 525 3446 exstent
548 3373 585 3444 in
611 3373 763 3444 carmine
785 3372 833 3442 De
857 3373 1015 3446 cotaeleto
1033 3397 1118 3470 per-

108 3519 274 3570 sonarum
293 3497 452 3580 nomina,
471 3494 616 3568 totidem
633 3494 733 3592 objici
749 3494 941 3566 conciones.

158 3622 290 3692 Rursus
303 3619 408 3692 etiam
424 3617 652 3690 concedamus
664 3617 739 3688 lieri
751 3639 872 3713 posse,
887 3628 927 3690 ut
933 3615 1119 3714 jactatione

109 3743 268 3840 quamvis
303 3742 473 3840 putidus,
504 3750 538 3812 et
571 3737 731 3837 superbia
760 3749 919 3824 tumens,
950 3739 1119 3835 poeticam

110 3864 206 3938 haud
223 3864 402 3938 infeliciter
414 3886 584 3936 exerceas.
599 3863 714 3947 Quum
724 3871 854 3947 autem,
867 3860 959 3958 quod
970 3865 1120 3959 poemati

110 3987 284 4084 precipuo
309 3988 392 4060 vitio
418 3996 615 4071 vertamus,
641 3983 764 4058 illude
792 3985 899 4056 nimia
923 3986 977 4058 sui
998 3987 1120 4060 exieu-

111 4109 264 4182 matione
291 4108 506 4182 manifestius
523 4107 718 4192 effluxerit,
745 4105 985 4214 ourgindolem
1008 4109 1118 4206 ipsam
