2836 4880
727 389 767 404 ..
788 359 829 418 5r
849 391 888 403 ..

290 494 388 568 hlicae
415 495 463 566 dii
490 491 686 566 consulunt.
719 492 891 576 Quaeritur
916 492 1008 564 inter
1036 493 1222 577 mortales,
1245 497 1310 590 qui

291 621 399 720 possit
428 641 546 690 everso
569 639 768 690 succurrere
793 614 897 687 seclo.
927 617 1069 711 Propter
1090 617 1257 688 virtutem
1273 629 1309 690 ct

289 745 487 842 ingenium,
519 742 645 839 dignus
672 765 713 812 ea
740 740 980 836 procuratione
1009 741 1125 812 Cicero
1151 739 1304 814 videtur.

288 870 343 942 Ad
361 893 479 966 quem,
499 880 538 939 ut
552 866 596 938 ab
606 867 827 962 eopraecipue
843 863 954 949 culta,
975 863 1088 936 Pallas
1104 864 1255 963 legatur,
1270 878 1305 938 et

287 1017 369 1066 eum
384 991 536 1064 divinam
550 990 586 1060 in
599 991 798 1062 concionem
815 988 1069 1060 admittendum
1081 1001 1192 1062 curet.
1208 993 1304 1064 Tunc

187 1153 189 1159 ’
287 1120 440 1192 Minerva
449 1125 620 1186 memoret
630 1113 756 1209 quibus
772 1113 963 1210 disciplinis
977 1125 1011 1186 et
1020 1114 1206 1188 virtutibus
1224 1139 1305 1188 eum

288 1243 441 1340 apueris
456 1238 694 1314 exornandum
714 1240 916 1336 susceperit,
933 1249 973 1310 ut
988 1239 1184 1336 reipublicae
1200 1241 1304 1314 saluti

287 1368 443 1451 tandem,
457 1370 538 1438 love
546 1365 709 1463 jubente,
728 1365 907 1438 consulere
915 1376 1057 1462 paratus
1070 1377 1173 1438 esset.
1190 1367 1303 1451 Quam

288 1494 320 1564 ci
336 1515 455 1564 curam
469 1492 601 1587 Jupiter
617 1491 692 1586 ipsc
707 1491 864 1576 mandat,
885 1501 920 1562 ct
935 1491 1103 1562 revocatis
1117 1492 1301 1564 inmemo—

289 1617 378 1688 riam
396 1637 473 1710 quae
494 1620 569 1711 jam
591 1611 642 1682 illi
670 1613 887 1686 consulatum
903 1613 1153 1711 portenderint,
1174 1625 1209 1688 et
1223 1617 1302 1714 igne

288 1743 361 1838 qui,
381 1739 510 1812 libante
523 1717 701 1820 Terentia,

532 1966 681 2047 Corripuit
696 1967 832 2028 tremulis
846 1967 953 2030 altaria
965 1967 1094 2030 flammis

411 2079 523 2159 Sponte
536 2096 590 2139 sua
605 2075 657 2159 (1).

287 2287 337 2359 illi
344 2285 498 2359 divinam
514 2283 664 2357 infundit
682 2294 848 2367 mentem,
868 2307 986 2379 quase
1004 2286 1217 2382 temporibus
1233 2312 1304 2384 pa-

287 2436 362 2483 rem
376 2409 546 2483 ostendat.
569 2408 662 2480 Talia
677 2407 809 2506 prologi
828 2408 931 2481 modo
951 2433 1090 2482 carmen
1107 2412 1301 2486 exordiun-

286 2548 355 2608 tur.
374 2539 467 2609 Tunc
484 2559 607 2618 musa,
627 2535 741 2606 nescio
761 2555 851 2630 qua,
870 2533 942 2606 Clio
956 2535 1114 2622 fortasse,
1135 2544 1304 2635 conjura-

289 2663 416 2734 tionem
442 2661 485 2733 ab
511 2662 641 2758 origine
666 2660 811 2755 repetit,
832 2659 966 2732 consilii
983 2662 1106 2735 nefarii
1126 2661 1249 2735 ducem
1267 2676 1304 2736 ct
1333 2707 1335 2709 ·
1408 2747 1409 2752 ,

287 2785 479 2880 principes,
507 2783 690 2864 rationem,
718 2805 800 2876 opes
825 2791 860 2852 ct
885 2781 1071 2877 apparatus
1091 2784 1250 2856 exscribit
1267 2796 1304 2856 et
1407 2767 1409 2788 ³

290 2909 448 3005 explicat.
469 2907 544 2989 Quo
560 2904 701 2976 liberius
722 2904 787 2976 sibi
804 2909 980 3002 proposita
995 2908 1162 3004 perficiat,
1182 2919 1220 2980 ut
1231 2908 1303 3006 gla-

290 3032 366 3112 dio,
394 3030 574 3104 consulatu
600 3027 744 3100 Catilina
772 3028 897 3128 flagrat
922 3032 1066 3130 accingi.
1093 3033 1138 3104 Ut
1156 3031 1304 3130 eligatur

288 3159 405 3229 Cicero
422 3154 616 3251 reipublicae
631 3156 810 3249 contingit.

203 3295 214 3321 ⁸
339 3279 534 3352 Secundum
547 3279 688 3364 librum,
709 3279 832 3375 opibus
848 3279 1058 3353 ePlutarcho
1078 3283 1239 3378 sumptis,
1259 3307 1301 3355 eo

289 3407 451 3479 libentius
471 3405 630 3500 supplere
652 3413 770 3499 potes,
791 3401 884 3498 quod
906 3404 1090 3476 historicus
1107 3431 1176 3481 non
1194 3407 1302 3482 semel

291 3531 462 3605 Ciceronis
488 3551 592 3624 opera
616 3529 658 3599 de
671 3526 851 3600 consulatu
868 3527 1006 3614 laudat,
1026 3555 1102 3628 quae
1120 3532 1191 3603 sive
1209 3555 1301 3603 com-

292 3658 460 3730 mentaria
470 3677 578 3754 graece
592 3654 729 3750 scripta,
744 3653 815 3724 sive
827 3654 902 3750 ipsa
913 3667 1072 3750 poemata
1084 3656 1211 3728 fuerint
1231 3656 1298 3754 (2),

291 3806 362 3854 non
382 3781 466 3854 adeo
482 3778 548 3850 sibi
564 3800 754 3874 repugnare
770 3787 977 3873 potuerunt,
998 3791 1037 3850 ut
1053 3780 1124 3854 haec
1143 3781 1210 3854 illis
1229 3806 1301 3854 non

328 4030 365 4098 (t)
386 4026 490 4084 Servius
501 4025 535 4082 ad
547 4025 671 4096 Eclogam
685 4025 752 4080 vllt.

328 4124 363 4190 (Ξ)
385 4121 663 4187 consacraneus.
