2866 4866
545 457 581 467 .-
605 422 645 482 65
666 453 707 466 .-

122 580 202 628 sum
214 557 337 642 efficit;
360 576 441 627 nam
451 554 642 649 Aquarium
654 565 689 626 et
699 556 944 651 Capricornum
958 559 1134 632 conferens

121 677 265 763 Aratus,
281 677 379 748 illum
394 677 619 772 posteriorem
631 677 732 761 oriri,
754 675 846 749 hunc
860 690 976 750 autem
986 681 1135 776 priorem
1195 751 1200 778 v.

31 886 35 891 ,
93 828 99 842 ¹
122 825 264 900 vergere
290 801 402 873 docet.
430 801 512 885 Quae
535 801 702 874 tumidius
727 825 832 898 quam
860 803 1057 880 adstrictius
1082 807 1137 878 his

123 925 259 999 duobus
276 927 391 999 Cicero
404 925 594 997 convertit:
847 928 850 934 '

288 1123 562 1201 Quamsgelidum,
581 1129 639 1186 etc.

173 1311 302 1383 Cretera
313 1309 523 1408 majorefide
537 1322 573 1382 et
584 1309 773 1408 elegantia,
792 1334 901 1408 grace
914 1335 977 1383 nec
994 1313 1140 1410 imparia

124 1433 252 1506 fluunt.
281 1437 362 1506 Tres
379 1435 483 1506 etiarn
508 1434 649 1507 ultimos
673 1459 816 1522 versus,
838 1448 1030 1508 extremum
1046 1462 1140 1534 prae-

125 1561 265 1645 sertim,
281 1559 507 1632 admiratione
523 1584 829 1657 prosequeremur,
842 1563 910 1634 nisi
924 1565 1140 1662 poetaegraeci

125 1694 245 1754 tenera
265 1685 440 1755 miseratio
460 1707 523 1754 nos
548 1685 659 1782 magis
680 1696 930 1770 commoreret;
951 1693 1049 1784 cujus
1069 1687 1141 1758 haee

123 1809 344 1895 verbosum,
363 1810 408 1882 ad
429 1810 633 1906 exemplaris
651 1809 808 1882 ordinem
826 1824 860 1881 et
874 1811 1069 1884 absolutam
1089 1814 1141 1883 si-

125 1935 359 2008 militudinem
376 1936 565 2030 composita
588 1934 636 2030 (1)
654 1960 664 2018 ;

569 2129 787 2192 Verumtamen

207 2239 271 2318 jam
280 2241 378 2299 totum
395 2255 509 2298 annum
521 2236 577 2296 sub
593 2239 701 2298 carinis
712 2255 796 2298 mare

211 2347 372 2419 nigrescit:
396 2345 506 2410 similes
520 2348 624 2406 autem
637 2345 826 2407 urinantibus
840 2347 968 2420 mergis,

208 2455 315 2533 sapius
327 2473 345 2514 e
357 2453 483 2514 navibus
495 2457 622 2532 pontum
636 2454 907 2532 circumspicientes

210 2563 364 2634 sedemus,
382 2561 419 2621 ad
434 2561 536 2620 littora
551 2561 705 2632 conversi;
725 2560 791 2619 haec
804 2577 876 2618 vero
891 2558 994 2636 procul

211 2672 386 2746 alluuntur3
403 2668 555 2730 modicum
574 2671 677 2728 autem
695 2667 813 2739 lignum
827 2669 955 2728 mortem
970 2670 1060 2728 arcet.

106 2891 110 2987 J
178 2885 219 2953 ln
231 2879 298 2952 illis
310 2878 420 2950 tribus
435 2901 600 2949 versuum
613 2874 802 2959 artificem,
822 2873 972 2970 peritum
988 2871 1141 2969 quidem,

129 3007 371 3107 agnoscimus3
390 3005 427 3074 in
441 3001 496 3074 his
509 3013 625 3074 autem
645 3001 814 3072 sentimus
831 3009 991 3094 poetam,
1010 2999 1066 3069 cui
1081 3022 1144 3070 oo-

100 3099 105 3233 i
128 3133 219 3206 lones
237 3128 451 3229 excogitandi
468 3129 541 3213 vis,
564 3139 598 3199 et
619 3150 741 3199 sensus
758 3137 895 3197 teneros
910 3124 1143 3220 pietatemque

101 3252 106 3348 j
130 3256 257 3330 sufficit
274 3255 423 3326 animus.

181 3383 295 3466 Quum
313 3379 370 3450 hie
394 3377 583 3475 praesertim
615 3399 656 3448 ea
681 3374 824 3448 laudare
854 3371 1078 3457 studeamus,
1104 3372 1140 3441 in

131 3503 259 3602 quibus
272 3502 355 3574 talia
372 3509 558 3597 suppetant
574 3493 900 3579 animadvertenda,
920 3496 1047 3566 Canem
1061 3516 1142 3589 pne

131 3631 380 3712 termittentes,
400 3627 437 3697 in
455 3625 547 3722 Argo
566 3624 757 3720 proximam
774 3619 956 3693 incidimus
977 3645 986 3690 :

213 3828 254 3890 tt
265 3825 352 3887 Canis
363 3824 401 3886 ad
414 3823 541 3886 caudam
554 3839 674 3900 serpens
685 3819 858 3900 praelabitur
872 3819 969 3891 Argo,

44 3956 59 3984 ··
214 3931 392 3996 Conversam
405 3950 468 4012 prae
481 3934 645 4011 seportaus
661 3947 731 3990 cum
743 3928 858 3990 lumine
871 3927 1017 4006 puppim:

169 4165 207 4236 o)
227 4163 297 4222 sto.
314 4161 403 4228 otuu,
415 4176 441 4219 v.
457 4163 519 4220 eet.
