2836 4880
694 389 853 448 „20-

270 525 352 598 bore
379 537 471 598 stant
493 523 585 596 illius
613 525 787 610 carmina,
805 521 929 596 iisdem
947 523 1111 596 clausulis
1128 547 1284 621 persaepe

270 652 410 736 cudunt,
429 675 492 722 nec
510 650 585 722 aliis
602 650 669 722 alia
682 651 870 747 permixta,
891 673 1028 722 caesurae
1050 649 1231 746 multiplici
1249 662 1284 722 et

269 775 364 848 molli
373 774 465 846 flexu
476 775 653 846 sentcntiae
664 776 843 847 circuitum
850 775 1032 870 variosque
1049 785 1163 846 motus
1177 798 1284 846 aemu·

269 901 396 973 lantur.
418 898 518 982 Quod
537 900 809 972 animadvertere
828 900 907 972 licet
932 899 987 971 vel
1010 901 1047 972 in
1072 899 1179 973 nobili
1206 900 1285 972 lra-

270 1036 362 1096 trum
379 1023 523 1120 augurio
539 1048 548 1093 ε
1145 1022 1147 1030 “

436 1216 594 1279 Curanteis
606 1237 716 1292 magna
729 1237 798 1279 cum
809 1237 896 1291 cura,
918 1223 976 1279 etc.

319 1411 390 1484 Illic
404 1412 509 1497 enim,
530 1423 570 1484 ut
581 1412 673 1508 apud
681 1413 832 1484 Ennium
847 1412 1063 1510 plerumque,
1083 1413 1235 1511 gravitas
1249 1425 1285 1486 et

271 1535 462 1633 amplitudo
479 1537 718 1632 reperiuntur,
747 1537 855 1607 oratio
882 1535 1082 1608 mollescere
1101 1548 1135 1608 et
1153 1535 1285 1609 inflecti

269 1659 421 1745 laborat,
443 1683 630 1755 versusque
654 1658 719 1731 sibi
744 1661 954 1733 constantior
979 1673 1013 1732 et
1035 1661 1178 1759 rigidior
1201 1687 1286 1736 mo-

271 1786 336 1860 dus
354 1784 559 1883 aliquando,
580 1809 642 1857 nec
660 1784 852 1872 infeliciter,
871 1787 1090 1885 infringitur:

355 1992 434 2055 Hinc
447 1992 560 2054 Remus
572 1993 703 2072 auspicio
716 2011 747 2053 se
764 1993 900 2066 devovet,
916 1996 1006 2070 atque
1024 1992 1185 2054 secundam

352 2101 439 2162 Solus
455 2119 541 2161 avem
559 2104 666 2171 servat,
687 2103 746 2159 eto.

352 2300 392 2360 Et
409 2299 497 2359 simul
514 2318 552 2359 ex
568 2299 628 2360 alto
647 2299 735 2372 longe
754 2298 929 2377 pulcerrima
948 2316 1078 2378 preceps

355 2406 444 2468 Lava
459 2405 570 2467 volavit
583 2408 655 2468 avis.

322 2602 388 2675 Sed
407 2602 472 2674 hoc
489 2600 627 2675 duriore
646 2624 728 2672 casu
741 2623 855 2673 nonno
868 2610 1008 2695 stupent
1026 2597 1150 2670 aures?

352 2800 546 2878 Exspectant,
564 2801 657 2860 veluti
676 2798 796 2870 consul,
817 2814 912 2875 quum
927 2797 1046 2857 mittere
1060 2797 1181 2870 signum

352 2909 434 2982 Vult,
449 2913 507 2969 etc.

354 3018 401 3080 Sic
411 3018 600 3099 exspectabat
614 3017 738 3097 populos
749 3022 839 3094 atque
855 3035 907 3076 ora
920 3016 1041 3076 tenebat

354 3128 511 3203 Rebus‚...

322 3323 408 3394 Fieri
422 3344 670 3419 nonnunquam
687 3327 820 3415 potest,
836 3326 876 3386 ut
890 3317 926 3385 in
945 3313 1206 3416 monosyllabon
1226 3313 1286 3387 de-

275 3448 408 3519 sinente
420 3471 535 3529 versu‚
555 3445 677 3517 nobilis
697 3441 862 3514 efficiatur
877 3441 1004 3538 imago.
1027 3443 1099 3512 Hoc
1117 3441 1209 3512 enim
1226 3437 1284 3511 de

275 3572 381 3644 lector
395 3597 403 3643 :

354 3766 442 3828 Lava
455 3763 565 3826 volavit
579 3765 657 3836 avis,
678 3764 765 3824 simul
779 3781 888 3825 aureus
902 3761 1034 3823 exoritur
1048 3761 1102 3822 sol.
1218 3763 1220 3773 '

275 3957 321 4028 At
334 3955 418 4026 mihi
435 3956 549 4028 minus
566 3951 796 4050 approbatur:

357 4162 434 4224 Exin
449 4135 571 4223 candida
586 4181 616 4222 sc
629 4160 718 4222 radiis
728 4159 816 4219 'dedit
832 4161 890 4219 icta
904 4157 983 4219 lorus
997 4159 1060 4218 lux.
