2836 4880
733 401 894 463 -ll-

305 538 455 634 ligantur
470 535 576 609 verba
596 537 789 622 Ciceronis,
809 548 844 608 ct
862 525 1059 608 Graecorum
1071 537 1169 620 ¹vim,
1190 535 1236 608 ab
1256 533 1335 608 illis

305 661 477 736 veteribus
497 665 535 734 in
563 664 691 735 mirum
715 671 811 760 'sape
835 660 979 734 modum
1008 684 1229 758 expressam,
1264 685 1334 732 re—

305 787 431 861 vixisse
456 798 602 861 constet.
632 784 732 871 Quod
757 785 832 882 ipse
856 797 1011 857 senserat
1027 785 1210 884 Virgilius,
1228 789 1331 886 grati

304 935 524 1008 nequaquam
540 912 666 996 animi,
686 908 835 982 simodo
859 933 964 1006 quem
985 908 1204 998 defraudaret
1221 933 1329 984 mar-

303 1035 442 1132 garitis,
465 1036 496 1106 ei
522 1033 623 1107 simul
654 1044 785 1106 stercus
809 1031 1042 1129 exprobraret.
1073 1031 1226 1104 Plurima
1246 1041 1327 1133 jam

304 1156 535 1244 advertimus,
563 1179 644 1255 quae'
664 1155 847 1229 manifesto
871 1153 937 1228 sibi
960 1153 1135 1229 vindicare
1157 1155 1326 1257 dignatus

304 1293 370 1354 cst.
392 1281 566 1356 Nonnulla
589 1279 827 1382 subjicientur,
846 1281 973 1378 quibus
993 1289 1067 1381 ejus
1091 1283 1325 1356 imitationem

303 1407 415 1504 magis
448 1419 665 1505 perspectam
696 1407 921 1482 estimemus.
951 1407 1089 1482 Pacuuii
1124 1435 1140 1477 a
1170 1419 1325 1482 mortem

304 1541 480 1604 ostentant
502 1517 550 1629 (1)
579 1561 596 1600 ι
626 1532 663 1604 in
687 1542 841 1604 mentam
865 1543 1025 1617 revocat,
1052 1535 1184 1606 AEocid.
1205 1534 1325 1632 primo

304 1652 411 1738 libro,
437 1655 529 1727 191:

645 1827 724 1924 ¹Viris
738 1829 888 1924 intentant
901 1831 1003 1890 omnia
1014 1833 1154 1892 mortem.

344 2013 392 2088 Di,
405 2013 514 2094 quibus
525 2019 570 2076 est
578 2019 709 2096 potestas
721 2020 821 2078 motus
830 2035 974 2097 superum
986 2023 1076 2117 atque
1086 2018 1217 2080 inferum
1230 2019 1289 2100 (ap

303 2197 473 2270 exclamat
490 2199 636 2270 Ennius.

345 2400 398 2475 Di,
415 2401 523 2480 quibus
534 2403 695 2482 imparium
705 2407 750 2466 est
760 2405 946 2482 ammarum,
957 2407 1135 2488 umbraque
1147 2407 1286 2472 silentes!

300 2592 460 2666 Vicissim
476 2593 690 2667 invocatione
704 2593 844 2668 sublimi
859 2597 1034 2695 Virgilius.

349 2715 452 2813 Apud
468 2718 618 2789 Ennium
637 2715 904 2792 Andromache:

466 2917 602 2998 Oputer,
616 2939 635 2982 o
649 2923 761 3000 putria,
777 2941 795 2984 o
807 2923 920 2986 Priami
931 2925 1038 2988 domus
1048 2928 1103 3004 (3)1

351 3103 476 3174 AEneas
495 3102 587 3200 apud
603 3104 810 3204 Virgilium:

464 3301 618 3385 Opatriu,
635 3325 654 3368 o
670 3307 773 3370 divum
787 3309 908 3385 domus,
925 3311 1033 3375 lliuml

349 3492 430 3564 Haeo
447 3515 570 3594 rursus
587 3493 830 3570 Andromache
847 3523 856 3570 z

342 3695 421 3770 Quoi
432 3716 488 3759 nec
500 3715 561 3760 arae
571 3700 676 3778 patria
685 3701 766 3764 domi
775 3707 866 3780 stant,
879 3704 981 3769 fracto
992 3712 1023 3769 et
1033 3708 1161 3790 disjecta
1168 3711 1294 3792 jacent..

339 3955 374 4022 (t)
390 3955 649 4028 Bethammaria,
664 3973 692 4030 p.
705 3963 767 4016 409.

338 4051 375 4122 (2)
390 4050 469 4121 utu,
486 4052 672 4126 Cresphontes,
687 4071 715 4127 p.
730 4060 774 4114 lo.
892 4111 894 4117 .

338 4147 507 4220 (3)11ιί(1.,ι>.
522 4153 556 4207 at
