2836 4880
512 413 552 426 ..
574 382 614 440 45
636 413 676 426 ...

68 513 215 606 repenti
227 509 382 584 clausula
394 519 428 582 et
437 507 562 608 [rigida
574 509 798 606 explicatione
810 510 989 582 circuitum
1000 511 1094 584 ducit

69 645 114 706 et
134 635 264 709 obruit.
319 732 321 736 ι

129 764 259 836 Cetera
291 784 361 832 non
386 759 485 832 aliter
510 783 598 858 agre
626 771 876 833 connectuntur
903 771 937 832 et
964 761 1096 836 hiantia

68 887 278 960 trahuntur.
301 888 432 958 Passim
458 897 658 970 occurrunt,
678 898 717 959 ut
736 886 878 958 diversae
904 887 1097 960 coalescant

70 1012 277 1096 sententiae,
297 1011 368 1082 haec
382 1009 538 1108 uulgaria
555 1021 588 1081 et
605 1012 751 1109 orationi
770 1011 887 1084 solutae
901 1011 1065 1084 similiora
1085 1039 1093 1084 :

136 1165 152 1204 e
169 1139 232 1222 Et,
250 1137 280 1208 si
299 1137 490 1208 stellarum.
516 1139 665 1208 -Nam
683 1138 835 1234 primum
860 1147 1055 1223 astrorum3
1074 1167 1090 1206 ι»

73 1269 116 1330 ct
131 1260 168 1330 in
177 1259 299 1331 eodem
311 1260 454 1332 circuitu
469 1285 477 1332 :
495 1261 568 1332 «Tu
580 1284 730 1356 quoque,
747 1283 855 1356 quum
868 1259 1033 1344 tumulos3
1048 1295 1101 1314 -a

74 1409 192 1481 quum
209 1383 337 1456 claram
353 1385 524 1480 speciem
541 1425 588 1438 —-
607 1383 691 1480 quid
707 1407 788 1458 vero
813 1383 932 1456 Phoebi
956 1383 1012 1454 lex
1025 1409 1034 1470 ;
1049 1427 1097 1438 -

75 1518 144 1580 aut
160 1532 268 1604 quum
286 1507 451 1595 terribili3
469 1551 522 1584 ,--
538 1518 599 1580 aut
614 1532 723 1604 quum
745 1533 781 1580 so
800 1509 956 1606 gravido.
977 1537 993 1578 a

132 1633 192 1703 His
220 1633 384 1729 pleraque
417 1634 625 1730 respondere
659 1635 834 1705 neminem
863 1634 963 1731 fugit.
1002 1634 1099 1704 Pcesi

77 1781 199 1830 sermo
220 1781 337 1830 merus
357 1758 486 1854 ubique
513 1767 664 1854 praestat.
692 1758 792 1843 Quod
821 1759 850 1830 si
876 1759 968 1830 enim
985 1757 1099 1831 verbis

77 1883 227 1979 pingere
244 1890 352 1952 certat
368 1889 484 1980 orator
504 1905 513 1950 :

250 2079 291 2140 Et
304 2079 384 2141 claro
395 2079 541 2140 tremulos
554 2079 661 2140 ardore
675 2083 818 2141 cometas.

168 2265 272 2340 Quum
287 2267 400 2328 claram
414 2269 543 2346 speciem
558 2271 695 2328 concreto
710 2267 826 2328 lumine
842 2268 915 2330 luna
934 2317 940 2330 .

168 2377 305 2453 Abdidit,
321 2381 351 2440 et
365 2377 463 2440 subito
479 2377 606 2440 stellanti
622 2382 709 2441 nocte
725 2385 883 2459 perempta
896 2385 960 2458 est3

86 2563 213 2660 saepius
230 2563 334 2634 etiam
352 2561 441 2654 inlra
457 2561 606 2633 solutam
626 2563 816 2632 orationem
833 2562 984 2634 decidit:

172 2765 332 2844 Menteque
351 2767 450 2828 divina
464 2767 575 2828 coelum
589 2771 746 2844 terrasque
759 2769 881 2846 petessit
899 2788 907 2828 ε

173 2874 248 2950 Quae
263 2879 382 2958 penitus
397 2895 499 2939 sensus
514 2878 673 2939 hominum
687 2879 822 2954 vitasque
833 2881 977 2938 retentat.

171 3037 264 3098 Nosse
277 3037 365 3111 velis,
383 3056 450 3115 que
465 3037 523 3098 sint
537 3037 691 3110 signorum
704 3037 817 3098 insede
834 3038 952 3098 locatae.

174 3196 341 3276 Pracipites
354 3197 420 3258 ooeli
435 3201 535 3276 partes
549 3197 707 3274 obitusque
721 3201 883 3276 patescens.

143 3369 214 3440 Hoc
229 3379 367 3453 eutem,
385 3367 477 3464 quod
495 3369 649 3440 dicturus
665 3393 764 3454 sum,
781 3393 893 3466 nequo
905 3373 1107 3468 praetermit-

93 3492 258 3577 tendum,
284 3517 397 3590 neque
420 3493 687 3589 relinquendum
714 3505 779 3566 est.
806 3495 908 3592 Apud
935 3508 1106 3568 oratorem.

94 3618 182 3690 nihil
207 3619 419 3714 frequentius
437 3617 651 3704 obversatur,
679 3642 784 3714 quam
808 3621 857 3692 ita
883 3621 1017 3694 duobus
1036 3621 1108 3694 lere

97 3739 267 3812 similibus
291 3743 496 3814 sententiam
529 3740 719 3835 explicari:
743 3742 835 3838 quod
867 3742 1026 3841 quidem,
1046 3743 1107 3816 ubi

96 3865 211 3938 uerbis
230 3867 476 3964 conjungendis
493 3866 704 3963 impenditur
722 3893 804 3944 cura
823 3868 971 3954 subtilis,
993 3871 1109 3942 nescio

99 3989 183 4086 quid
209 3989 345 4086 elegans
372 4001 407 4062 et
432 3991 653 4088 magnificum
676 3994 827 4065 sermoni
851 3991 1007 4090 largitur.
1039 3991 1106 4064 Sed

101 4115 192 4212 apud
209 4125 346 4212 poetam
362 4115 475 4210 uerbis
494 4127 630 4194 tantum
643 4141 712 4193 nou
728 4117 832 4194 rebus
851 4127 986 4216 turgere
1005 4127 1039 4190 at
1054 4137 1106 4188 re·
