2866 4866
517 385 555 400 —·
575 353 632 412 dil
657 385 697 398 -

9 571 10 586 ἢ
95 493 525 579 mutuaprosequerentur
542 482 782 558 admiratione.
800 488 850 558 De
864 485 978 558 verbis
995 497 1111 560 temm

9 601 10 632 ³
96 604 305 702 ambigitur,
328 604 454 699 quibus
481 607 629 678 Lucretii
657 605 810 678 carmina
841 607 957 680 Cicero
979 607 1113 706 dijudi-

97 741 175 802 cat:
202 757 218 796 r
240 730 287 800 Ut
304 728 443 814 scribis,
471 730 533 815 ait,
553 731 602 802 ita
626 741 732 802 sunt:
753 755 817 801 noo
832 731 950 804 multis
966 731 1113 804 lumini-

98 853 166 926 bus
187 853 337 950 ingenii,
359 853 477 925 multae
492 864 609 926 temen
624 855 708 926 artis
730 853 795 952 (l).
816 883 832 922 r

147 975 321 1050 Particula
333 1001 396 1046 oon
408 983 611 1075 conjecturae
620 977 738 1050 deberi
753 977 910 1062 ridetur,
926 975 1008 1048 dicit
1020 975 1114 1048 Orel-

98 1101 182 1186 lius,
203 1099 265 1172 sed
281 1109 395 1184 certa,
411 1125 519 1196 quum
535 1102 730 1197 requiratur
748 1125 769 1172 a
784 1111 874 1198 part.
900 1117 1013 1172 tumeo.

149 1224 210 1296 Vir
219 1233 337 1294 antem
349 1222 569 1296 doctissimus
579 1227 624 1295 Le
636 1223 943 1321 Clercpartieulam
952 1247 1013 1294 nor
1024 1245 1117 1294 sum-

101 1371 160 1420 mo
179 1345 335 1443 quidem,
354 1358 394 1420 ut
406 1349 602 1444 opinamur,
615 1349 746 1447 judicio
761 1349 898 1434 delevit.
915 1350 991 1420 Non
1004 1349 1118 1444 potuit

102 1473 348 1556 enimCioero,
369 1473 429 1568 qui
457 1483 593 1546 tantum
620 1484 654 1546 et
674 1475 786 1546 Ennio
811 1484 845 1544 et
868 1472 962 1544 Attio
990 1482 1024 1542 et
1041 1473 1117 1567 ipso

104 1593 233 1668 Lucilio
249 1594 505 1682 delectabatur,
526 1607 664 1693 poetam
676 1601 723 1683 vi,
744 1597 857 1670 calore
875 1607 910 1669 et
927 1597 1044 1668 afflatu
1062 1619 1117 1668 su·

104 1719 298 1818 perioribus
317 1719 384 1792 illis
403 1720 512 1793 multo
542 1723 816 1818 prestantiorem
842 1745 913 1794 non
934 1720 1117 1804 demirari,

106 1853 142 1914 et
158 1865 266 1938 quum
296 1848 370 1940 ejus
390 1853 463 1914 arte
480 1843 592 1915 multa
619 1843 846 1928 detineretur,
880 1841 1120 1944 splendidioris

107 1965 213 2038 etiam
230 1964 359 2063 ingenii
373 1965 507 2038 lumina
516 1991 586 2039 non
599 1965 801 2064 praedicare.

153 2091 247 2162 Num
265 2113 346 2162 vero
365 2090 401 2160 in
418 2091 614 2162 Lucretium
632 2114 672 2162 eo
687 2089 847 2188 flagravit
864 2087 991 2174 studio,
1013 2098 1053 2159 ut
1074 2086 1123 2159 il-

108 2213 177 2286 lius
193 2237 330 2310 quoque
347 2215 501 2286 carmine
518 2225 552 2287 et
569 2213 753 2288 emendare
765 2213 936 2287 studuerit
953 2223 987 2284 et
1006 2208 1124 2284 edere?

110 2337 224 2420 Quam
252 2337 449 2434 opinionem
468 2349 605 2410 secutus
621 2394 630 2424 ,
649 2339 698 2410 sic
726 2340 761 2409 S.
792 2339 1021 2435 Hieronymus
1042 2334 1090 2432 (2)
1113 2359 1123 2406 ε

117 2487 134 2528 c
153 2459 249 2531 Titus
267 2461 444 2532 Lucretius
469 2462 638 2546 nascitur,
658 2461 718 2555 qui
735 2471 855 2554 postea
872 2461 1038 2531 amatorio
1058 2483 1127 2555 po-

112 2582 196 2655 culo
210 2583 246 2654 in
264 2580 414 2656 furorem
431 2607 574 2668 versus,
596 2605 704 2677 quum
726 2580 857 2676 aliquot
874 2579 980 2651 libros
1001 2603 1064 2675 per
1076 2580 1126 2651 in-

110 2705 256 2780 tervalla
278 2707 420 2780 insaniae
443 2707 724 2803 conscripsisset,
752 2727 839 2799 qnos
865 2713 985 2800 postea
1011 2703 1128 2774 Cicero

111 2829 323 2913 emendavit,
345 2832 484 2927 propria
504 2855 540 2902 se
559 2855 666 2902 manu
679 2829 891 2902 interfecit.»

163 2953 273 3050 Hujus
291 2952 540 3026 emendationis
560 2955 598 3024 in
615 2953 809 3025 litterarum
825 2951 970 3023 historia
994 2949 1129 3023 nullum

115 3085 274 3171 superest
302 3076 499 3173 vestigium.
531 3075 762 3148 Adducuntur
791 3084 907 3145 autem
935 3071 1076 3168 quidam
1092 3079 1132 3144 ut

115 3220 195 3271 eam
214 3208 409 3294 susceptam
422 3197 528 3270 fuisse
545 3199 745 3296 conjiciant,
767 3195 860 3292 quod
873 3196 976 3266 variae
984 3195 1132 3267 Lucretii

10 3383 12 3388 .
116 3321 281 3392 lectiones
310 3320 402 3417 apud
433 3323 676 3418 grammaticos
704 3320 835 3416 passim
864 3330 1058 3390 occurrant.
1087 3317 1134 3388 At

116 3445 302 3518 Ciceronis
309 3468 445 3540 quoque
458 3445 629 3530 carmina,
646 3445 846 3535 Propncrticc
862 3442 1073 3537 prasertim,
1093 3449 1133 3511 ut

117 3565 444 3651 animadvertimus,
471 3567 671 3638 varietatem
690 3567 727 3636 in
746 3565 921 3637 nonnullis
946 3561 1134 3659 qnamdam

118 3689 299 3788 objiciunt.
321 3691 461 3762 Constat
480 3700 634 3762 autema
652 3691 812 3762 Cicerone
840 3713 941 3763 suum
968 3711 1054 3784 opus
1073 3713 1136 3760 re-

119 3823 307 3884 tractatum
321 3823 355 3884 et
366 3805 553 3910 expolitum
567 3815 685 3886 fuisse.
700 3813 791 3899 Quid
804 3815 909 3913 igitur
920 3811 1034 3884 obstat
1051 3813 1136 3909 quin

160 4021 196 4090 (t)
209 4021 249 4078 Ad
261 3993 383 4090 Quintum
392 4021 509 4093 fratrem,
522 4023 541 4082 Ι.
554 4027 581 4094 2,
596 4028 640 4080 ll.

162 4119 197 4186 (2)
215 4117 312 4176 Otroc.
328 4119 424 4176 Euseb.
437 4120 551 4192 Olymp,
566 4122 625 4178 tte.
