2836 4880
562 397 663 454 ...25
684 428 724 443 ..-

127 529 230 603 cendi
253 552 378 629 genere
397 530 528 626 poesim
551 553 573 600 a
596 539 754 626 poemate
780 527 1007 612 discriminet,
1028 530 1141 600 autin

127 654 269 750 putidos
285 652 524 725 concinnitatis
542 651 731 724 Isocratiam
747 661 933 722 sectatores
953 650 1138 723 invehitur.

127 779 244 861 Quum
250 799 332 848 voro
347 774 602 872 philosophiam
618 775 785 848 moralem
801 775 953 872 attingit,
967 775 1142 871 proposito

122 909 199 1000 jam
212 898 372 974 uberiore
388 903 536 998 potitur;
558 899 619 973 sed
635 907 838 998 argumento
854 901 970 986 nixus,
990 899 1143 972 oratione

127 1039 244 1099 tamen
254 1025 561 1145 specidit'enervis,
578 1026 765 1099 autCatoni
780 1025 903 1098 saltem
914 1047 1020 1122 quam
1029 1025 1142 1110 Ennio

126 1152 324 1248 propiorem
342 1151 432 1224 hano
449 1149 620 1224 scribendi
637 1151 785 1224 formam
804 1151 999 1222 existimes:

194 1379 308 1454 Virtus,
327 1376 451 1452 Albine,
469 1383 513 1440 est
528 1379 658 1458 pretium
674 1377 843 1457 persolvere
854 1394 961 1438 verum

191 1489 285 1565 Queis
295 1492 327 1551 in
335 1508 501 1563 versemur,
514 1490 598 1566 queis
612 1487 735 1549 vivimu'
749 1487 832 1548 rebu'
844 1491 970 1567 potesse.

188 1701 292 1766 Virtus
303 1706 377 1766 scire
390 1705 506 1766 homini
521 1708 649 1778 rectum,
666 1703 750 1777 utile,
768 1699 842 1782 'quid
855 1704 893 1763 sit
906 1703 1080 1772 honestum,

190 1813 266 1889 Qua
276 1815 373 1888 bona,
382 1833 455 1892 qum
468 1813 548 1874 mala
561 1816 650 1887 item,
665 1811 737 1892 quid
749 1813 872 1887 inutile,
889 1817 990 1892 turpe,
1004 1811 1145 1872 inhones-

1047 1915 1143 2002 [tum.

191 2133 316 2197 Hostem
326 2152 389 2196 esse
402 2139 493 2212 atque
503 2135 659 2196 inimicum
672 2134 831 2194 hominnm
845 2148 1027 2210 morumque
1042 2133 1145 2194 malo·

1036 2239 1143 2323 [rum,

190 2351 301 2414 Contra
310 2351 496 2412 defensorem
511 2351 668 2412 hominnm
684 2367 864 2428 morumque
877 2349 1036 2423 bonorum,

190 2462 384 2536 magnificare
397 2461 462 2535 hos,
484 2462 532 2522 his
545 2461 621 2522 bene
633 2461 722 2534 velle,
736 2461 783 2520 his
795 2462 896 2521 vivere
908 2462 1058 2536 amicum3

160 2659 162 2664 Ι
190 2569 355 2634 Commoda
367 2575 513 2650 praeterea
532 2571 637 2649 patriae
657 2571 712 2630 sibi
727 2571 825 2648 prima
839 2573 965 2648 putare3

190 2677 303 2739 Deinde
315 2682 485 2757 parentum,
501 2679 589 2738 tertia
603 2677 666 2755 jam
680 2680 892 2755 postremaque
907 2678 1020 2734 nostra.

178 2904 295 2976 Aurea
314 2927 399 2976 sene
426 2913 609 3002 precepta.
637 2905 752 2989 Quum
780 2913 896 2974 autern
925 2905 962 2974 in
987 2900 1143 2974 versibus

127 3030 241 3126 poesia
258 3029 467 3126 requiratur,
484 3051 587 3102 nemo
610 3049 680 3101 uon
701 3027 929 3100 exclamaret:
942 3029 1027 3124 quin
1048 3051 1143 3100 mero

128 3178 288 3226 sermone
304 3152 444 3226 scribit?

177 3277 326 3352 Multrun
342 3289 460 3350 tamen
483 3277 584 3350 abest
598 3289 639 3350 ut
662 3295 763 3349 suem
780 3276 989 3374 quibusdem
1015 3275 1142 3348 criticis

128 3401 393 3475 admirationem
410 3401 668 3498 exprobremus,
688 3411 724 3472 et
739 3402 776 3472 in
790 3399 918 3473 Lucilio
931 3399 1066 3472 nullum
1082 3399 1144 3469 in·-

128 3527 220 3625 genii
245 3527 369 3623 poetici
399 3525 560 3622 spiritum
589 3525 763 3596 exstitisse
788 3523 1051 3596 contendemus.
1080 3525 1143 3594 Tot

119 3647 648 3737 illiuscurminadesiderentur,
666 3659 706 3720 ut
720 3645 880 3744 improba
898 3657 1048 3719 tumeret
1060 3671 1141 3720 con·

87 3863 91 3872 ,
127 3773 283 3859 fidentia,
305 3775 378 3870 qui,
397 3773 613 3871 paucissimis
632 3771 736 3846 modo
755 3773 911 3870 reliquiis
934 3771 1138 3858 attendens,

127 3899 288 4005 universa
303 3899 501 3971 fastidiosus
519 3910 554 3972 et
565 3899 681 3996 ignota
700 3908 953 3982 contemneret3
975 3920 1083 3993 quum
1103 3885 1152 3968 iu'

126 4023 169 4110 iis
189 4023 293 4094 etiam
308 4047 385 4119 quae
402 4033 607 4120 supersunt,
629 4034 810 4100 occurrant
832 4045 909 4118 quse
926 4021 1044 4094 tollere
1061 4021 1139 4094 vel-

127 4121 191 4240 les,
214 4144 359 4240 exempli
376 4147 510 4242 gratia:
656 4122 659 4126 ⁵
