2866 4866
718 381 902 442 -ttE-

302 521 431 622 ripides
447 530 586 602 autem,
608 517 678 601 ait,
698 513 862 586 utmulta
885 509 1068 609 praeclare,
1089 510 1138 582 sio
1154 509 1221 582 hoc
1240 509 1318 584 hre-

303 649 403 720 viter.
427 674 442 714 ι
468 647 539 716 Caet
524 653 639 714 terum
657 637 873 712 summafide
889 645 1067 735 grreoumt
1053 635 1241 707 transtulit.

383 863 486 926 Juravi
504 861 619 936 lingna,
637 864 769 922 mentem
786 858 949 937 injuratam
966 873 1036 929 gero
1058 851 1112 936 (t).

351 1069 406 1140 Sic
427 1069 621 1164 interpres:
648 1095 664 1134 ι
685 1065 773 1138 Seite
791 1065 884 1136 enim
901 1059 1096 1158 Euripides.
1120 1087 1143 1129 ι,
1162 1055 1319 1130 Feliciter

304 1205 339 1266 et
357 1195 430 1291 ipse
449 1195 578 1266 Cicero.

387 1395 466 1456 Bene
485 1393 537 1470 qui
555 1391 702 1470 conjiciet,
719 1392 820 1450 vatem
834 1387 917 1448 hunc
930 1383 1084 1464 perhibeto
1096 1381 1247 1460 optimum
1263 1375 1315 1460 (2).

353 1598 491 1672 Nullum
508 1607 682 1669 auctorem
700 1593 849 1691 appellat
867 1592 982 1664 Cicero
1000 1613 1009 1660 :
1036 1615 1052 1654 ‹
1071 1588 1135 1657 Est
1153 1580 1314 1680 quidam,

305 1724 372 1808 ait,
392 1745 523 1820 graecus
550 1719 700 1816 vulgaris
724 1719 760 1788 in
784 1716 874 1786 hanc
899 1711 1106 1784 sententiam
1134 1731 1270 1780 versus.
1295 1733 1310 1773 ι

305 1849 417 1932 Quem
433 1867 551 1940 presse
568 1841 747 1913 convertit.

354 1969 416 2040 Illa
432 1977 567 2038 tanturn
586 1966 622 2035 in
644 1963 783 2060 propria
802 1959 972 2033 Ciceronis
989 1955 1096 2029 Bothe
1124 1953 1259 2049 recipit,
1283 1963 1318 2022 et

258 2107 264 2121 “
304 2090 405 2188 plura
426 2113 549 2173 neme,
571 2086 675 2182 quern
703 2083 843 2180 quidem
869 2081 1046 2165 noverim,
1077 2077 1230 2150 admisit.
1254 2076 1317 2146 Hic

305 2226 423 2285 tamen
449 2215 501 2284 vir
523 2211 699 2307 egregius,
720 2207 841 2280 eadem
864 2207 1082 2300 rationeque
1100 2204 1228 2299 priora,
1249 2225 1319 2298 po-

307 2337 373 2406 tuit
386 2333 452 2405 alia
464 2332 622 2428 quaedam
640 2331 785 2427 probare
802 2341 837 2402 et
852 2353 1050 2428 agnoscere.
1067 2331 1135 2401 Cur
1151 2327 1244 2398 enim
1262 2326 1317 2396 in-

307 2468 360 2528 ter
373 2457 503 2528 incerta
518 2452 678 2526 deturbat
696 2453 769 2525 haee
785 2453 965 2524 notissima
984 2476 993 2522 ι

384 2651 489 2728 Neque
507 2653 569 2710 tam
582 2648 723 2709 terribilis
741 2649 805 2709 ulla
822 2646 912 2708 fando
926 2649 1020 2708 oratio
1037 2653 1092 2722 est,

384 2757 448 2818 Nee
462 2757 532 2830 fors,
549 2775 604 2816 nec
616 2759 661 2817 ira
673 2757 808 2818 coelitum
823 2758 973 2818 invectum
989 2757 1113 2830 malum,

386 2863 474 2938 Quod
487 2884 547 2925 non
561 2869 670 2924 natura
683 2864 818 2925 humana
832 2865 970 2942 patiendo
982 2862 1059 2926 ierat
1076 2862 1139 2946 (3ji
1204 2874 1209 2885 ·

304 3081 426 3150 Nonne
442 3074 562 3147 laudat
578 3075 779 3172 Euripidem
796 3077 934 3160 Cicero,
954 3100 1062 3172 quum
1081 3075 1163 3147 dicit
1182 3100 1191 3147 ι
1217 3057 1317 3146 ulta·

306 3225 374 3298 que
386 3225 455 3273 non
478 3201 552 3272 sine
570 3224 694 3286 causa,
714 3225 821 3296 quum
839 3202 995 3272 Orestem
1011 3199 1162 3272 fabulam
1179 3199 1315 3272 doceret

305 3323 486 3421 Euripides
497 3365 509 3409 ›‚
528 3325 657 3420 primos
679 3335 749 3395 tres
767 3347 887 3394 versus
904 3347 1082 3395 revocasse
1104 3323 1230 3396 dicitur
1248 3325 1315 3395 So-

194 3548 196 3551 ·
306 3445 444 3522 crates?
464 3474 479 3515 ι
504 3449 692 3532 Caeterum,
713 3446 852 3518 laudato
874 3447 1066 3532 Prisciano‚
1084 3447 1199 3518 locum
1217 3469 1238 3516 a
1254 3446 1315 3518 Ci-

305 3595 427 3642 cerone
444 3592 647 3642 conversum
663 3569 768 3642 fuisse
780 3575 852 3667 jam
876 3569 1167 3642 confirmavimus.
1189 3571 1228 3640 In
1245 3591 1313 3665 quo

305 3693 450 3766 fortasse
461 3717 532 3766 non
544 3693 716 3790 Euripidis
733 3691 950 3765 oro'rotundo
963 3691 1114 3788 loquitur
1128 3694 1311 3788 interpres;

229 4002 233 4014 ,
342 3911 548 4024 (emoriens,
560 3955 585 4018 3,
599 3953 644 4009 29.

341 4047 378 4114 (5)
391 4045 491 4112 Cicero,
498 4046 671 4112 Dedioc'not„
679 4049 705 4115 2
715 4049 741 4103 5
748 4047 787 4104 Gi.
794 4046 925 4114 Boisson„
935 4045 1131 4104 incertodrcm.
1139 4033 1243 4118 nouo„
1250 4047 1313 4102 555.

343 4137 379 4205 (3)
392 4135 432 4199 Gi.
445 4139 575 4211 eonon„
590 4139 717 4212 orato„
729 4145 835 4200 verst.
