2836 4880
711 382 872 440 42..

284 515 346 600 tim
365 514 525 586 carminis
544 512 698 586 studioso
722 524 831 609 poetae
854 515 1057 612 proposuit?
1075 520 1245 590 Caeterum
1261 519 1299 590 si
1398 609 1400 618 y

283 641 361 736 quis
375 640 412 710 in
428 637 487 710 illo
501 661 626 736 genere
642 661 778 712 merum
794 663 990 712 sermonem
1008 666 1213 740 musamque
1228 667 1300 740 pe—
1399 659 1400 670 ¹

283 764 434 836 dustrem
461 785 617 858 unquam
647 761 871 860 profiteatur,
898 759 991 836 hunc
1010 776 1102 836 certe
1126 765 1299 840 Lucilium
1399 751 1400 808 3

282 889 499 987 praedicares.
515 889 646 960 Horatii
656 887 786 986 judicio
798 913 867 960 nou
887 887 1062 962 abutimur
1082 915 1090 962 :
1108 890 1228 962 Lucilii
1244 915 1300 963 re·

282 1013 406 1108 liqrrias
432 1009 634 1082 evolvimus.
656 1013 695 1081 ln
713 1009 827 1082 verbis
846 1021 880 1081 ct
904 1011 941 1081 iu
966 1023 1168 1108 argumento
1189 1037 1297 1110 saepe,

283 1137 431 1208 solutam
446 1135 539 1232 apud
554 1134 652 1208 illum
669 1137 872 1220 orationem,
891 1146 925 1206 et
940 1137 997 1207 vix
1016 1136 1167 1232 aliquem
1181 1139 1301 1234 poesis

283 1257 443 1329 umbram
465 1258 615 1352 reperire
634 1270 699 1330 est.
727 1260 925 1356 Disceptent
949 1262 1118 1359 exempla.
1139 1265 1224 1348 Quis
1241 1263 1301 1336 le-

283 1385 403 1481 gitimo
423 1383 562 1453 nomine
580 1405 700 1456 versus
719 1407 840 1456 vocare
853 1384 926 1456 haec
944 1385 1109 1464 auderet:

346 1578 504 1652 coelicola,
520 1579 640 1653 vellem,
655 1581 789 1658 inquom,
812 1579 1021 1642 adiuvissemu'
1037 1581 1134 1661 priore

347 1686 477 1748 Concilio
481 1728 545 1748 .....

348 1794 386 1857 Ut
398 1813 486 1856 nemo
498 1798 536 1856 sit
545 1801 692 1867 nostrum,
704 1798 778 1874 quin
793 1799 878 1875 poter
891 1794 1027 1874 optumu'
1041 1797 1162 1869 dirum,

324 1931 329 1942 ·
347 1905 386 1967 Ut
397 1905 550 1986 Neptuuu’
566 1910 665 1986 pater,
683 1907 781 1980 Liber,
801 1903 942 1966 Saturuu'
956 1909 1051 1985 pater,
1071 1905 1162 1981 uus,

348 2014 451 2090 Jauu',
472 2013 610 2090 Quirinu'
625 2019 725 2097 pater,
748 2028 858 2077 nomen
872 2013 989 2075 dicatur
1004 2015 1041 2077 ad
1059 2031 1167 2077 unum.

289 2207 429 2277 Frustra
441 2206 568 2278 talibus
584 2206 751 2278 vocabula
766 2231 895 2304 graecm
915 2231 960 2280 nc
971 2207 1016 2280 ed
1032 2207 1214 2278 minimum
1228 2209 1302 2304 qui-

292 2328 373 2400 dem
388 2331 490 2425 patrii
508 2330 676 2400 sermonis
696 2329 840 2402 modum
857 2332 988 2416 efficta,
1009 2329 1070 2403 sed
1086 2353 1203 2413 mera,
1223 2355 1302 2402 con·
1403 2345 1404 2376 ¹

294 2453 423 2524 sociare
445 2453 584 2539 nititur;
601 2453 803 2552 plerumque
822 2455 1021 2553 squalidus,
1041 2455 1161 2540 hians,
1181 2453 1304 2526 humi-

294 2577 404 2674 lisque
421 2577 531 2674 repit,
551 2589 585 2650 et
600 2581 846 2677 grammatistae
864 2604 969 2677 quam
983 2591 1091 2675 poetae
1103 2577 1303 2649 similiorem
1404 2647 1405 2652 ,

297 2727 333 2774 sc
357 2704 457 2802 gerit.
485 2705 750 2776 Grammaticam
780 2707 872 2776 euim
900 2715 933 2776 et
957 2705 1135 2776 metricam
1155 2714 1189 2775 ct
1205 2701 1304 2774 latini
1404 2697 1405 2736 ³

297 2827 465 2899 sermonis
481 2825 708 2900 sinceritatem
726 2830 762 2899 in
780 2828 987 2926 quibusdam
999 2828 1198 2926 fragmentis
1216 2825 1305 2898 edo-
1404 2859 1405 2864 ¹

297 2951 467 3056 ost.lQuae
493 2945 633 3044 quidem
652 2954 783 3046 apoesi
808 2979 878 3026 non
903 2953 1086 3025 abhorrere
1106 2949 1302 3036 delendam,

299 3067 456 3147 simodo
480 3074 673 3172 contingat,
701 3085 740 3146 ut
764 3103 805 3150 ea
822 3081 877 3152 vel
899 3081 1060 3153 Horatius
1081 3077 1141 3152 ¹vel
1166 3077 1307 3152 Boileau

294 3209 445 3272 tractare
469 3199 534 3270 sibi
557 3209 716 3285 sumant,
739 3211 773 3272 et
795 3203 861 3274 illis
879 3205 1006 3302 ingenii
1034 3203 1178 3277 floribus
1201 3228 1306 3276 exor-

300 3323 415 3396 nanda
440 3335 570 3396 curent.
601 3323 667 3397 Sed
692 3325 882 3424 orationem
911 3317 1057 3402 solutam
1075 3329 1130 3402 his
1149 3327 1306 3401 versibus

301 3449 401 3548 longe
418 3447 607 3546 praetuleris
627 3475 636 3520 :
1282 3455 1295 3460 ”

362 3649 532 3712 Nam·velut
543 3649 716 3712 intrualiud
729 3651 817 3724 longe
829 3668 892 3712 esse
905 3657 996 3729 utque
1009 3653 1082 3714 intu'
1096 3655 1243 3726 ridemus,
1257 3701 1261 3708 .

364 3759 412 3822 Sic
422 3764 452 3821 ct
462 3760 542 3840 apud
555 3762 585 3820 te
599 3759 687 3838 louge
700 3761 826 3834 oldest,
842 3779 940 3839 neque
953 3761 1033 3822 idem
1043 3763 1121 3824 valet
1132 3762 1169 3823 ad
1182 3765 1225 3822 te.

363 3947 445 4007 lntro
460 3965 512 4007 nos
522 3949 609 4007 vocat
623 3946 660 4006 ad
673 3963 746 4020 sese,
764 3951 844 4009 tenet
860 3949 940 4008 intus
952 3948 1030 4027 apud
1045 3966 1087 4008 ss.

305 4130 414 4203 Acuto
430 4128 570 4226 quidem
586 4141 621 4202 et
630 4129 743 4226 lepido
761 4130 908 4204 Lucilius
925 4131 1076 4228 ingenio,
1091 4130 1153 4206 scd
1166 4132 1232 4206 isto
1247 4131 1310 4206 ‹li-
