2866 4866
545 357 702 414 ..¹13-

138 487 143 502 '
200 483 273 546 llaec
286 485 368 546 fama
382 489 428 546 est
441 485 609 560 hominnm,
625 486 704 565 haec)
721 505 774 566 per
788 493 883 550 terras
895 489 977 554 lama
987 499 1129 568 vagatur:

134 576 136 580 ’
204 593 242 656 Ut
252 595 404 673 quondam
418 591 512 668 Orion
524 596 665 657 manibus
677 596 802 658 violasse
815 597 943 662 Dianam

201 703 332 776 Dicitur,
350 703 472 764 excelsis
484 721 586 766 errans
600 707 632 766 in
645 705 770 766 collibus
786 725 904 784 amens,

203 813 286 888 Quos
300 817 383 874 tenet
400 813 503 888 AEgaec
517 814 616 876 delixa
629 817 662 875 in
677 817 795 890 gurgite
809 815 903 879 Chius

199 921 359 996 Bacchica,
376 940 468 999 quam
482 923 569 984 viridi
586 925 729 984 convestit
743 927 877 998 tegmine
888 927 968 988 vitis,

201 1029 257 1091 llle
268 1029 347 1090 feras
360 1047 462 1092 vecors
475 1031 587 1091 amenti
600 1031 688 1092 corde
703 1032 846 1109 necabat,

201 1137 384 1220 Ollnopicnis
397 1157 487 1200 avens
499 1141 603 1218 epulas
615 1157 723 1201 ornare
736 1143 878 1204 nitentes.

201 1248 242 1311 At
254 1267 341 1323 vero,
355 1249 480 1328 pedibus
494 1249 592 1310 subito
605 1266 745 1328 percussa
757 1249 877 1323 Dianae,

202 1355 304 1418 Insula
317 1357 463 1429 discessit,
479 1357 659 1436 disjectaque
673 1375 745 1418 saxa
758 1357 905 1418 revellens

202 1465 347 1540 Perculit,
363 1471 394 1527 et
407 1481 499 1528 caecas
509 1465 649 1528 lustravit
661 1465 729 1526 luce
740 1465 886 1542 lacunas;

201 1573 227 1638 E
239 1575 347 1654 quibus
362 1576 476 1649 ingenti
492 1576 605 1636 exsistit
618 1593 689 1635 cum
704 1593 826 1654 corpore
839 1592 900 1654 prae
912 1593 943 1636 se

202 1683 342 1764 Scorpius
354 1683 495 1758 infestus,
510 1687 695 1762 praeportans
710 1684 806 1744 llebile
821 1703 959 1747 acumen.

202 1793 260 1856 Hic
275 1794 374 1856 valido
389 1796 496 1874 cupide
513 1799 674 1856 venantem
688 1795 814 1874 perculit
830 1797 907 1868 ictu,

203 1902 393 1964 Mortiferum
410 1905 442 1963 in
455 1921 547 1964 venas
560 1903 654 1976 figens
665 1923 719 1984 per
730 1903 856 1966 vulnera
869 1905 950 1965 virus
963 1923 972 1962 ι

203 2009 259 2071 Ille
271 2012 355 2084 gravi
367 2013 498 2072 moriens
511 2014 671 2073 constravit
684 2030 806 2094 corpore
820 2017 944 2072 terram.

203 2117 305 2192 Quare
318 2139 413 2198 quum
427 2122 544 2194 magnis
558 2139 620 2182 sese
634 2122 718 2201 Nepa
730 2122 849 2182 lucibus
864 2119 966 2194 effert,

203 2225 297 2320 Orion
309 2227 428 2304 fugiens
441 2229 630 2292 commendat
645 2248 769 2310 ccrpcra
782 2231 880 2292 terris.

169 2449 266 2526 Mitto
283 2449 391 2522 fidem
406 2453 443 2521 in
458 2461 530 2522 tam
546 2451 665 2523 multis
682 2453 765 2523 satis
782 2460 1010 2547 perspectam.
1028 2449 1132 2522 Orion

119 2598 203 2647 vero
227 2585 261 2646 et
284 2575 398 2646 insula
418 2575 626 2670 prasertim,
643 2598 748 2669 quam
769 2585 904 2645 tantum
920 2573 1046 2644 Aratus
1065 2597 1133 2645 no-

120 2699 249 2783 minat,
268 2697 324 2769 hic
340 2699 471 2795 poetice
489 2695 742 2770 describuntur.

244 2899 428 2981 OEncpionis
440 2919 544 2976 avens,
560 2905 630 2974 etc,

123 3115 331 3215 elegantiore
346 3133 449 3186 versu
467 3137 572 3211 quam
585 3112 651 3186 hcc
668 3112 834 3184 Aratenm
855 3133 929 3182 rem
948 3108 1102 3208 depingit
1122 3133 1133 3179 τ

204 3313 376 3376 venationis
391 3313 599 3376 administrans
616 3313 659 3373 illi
673 3314 801 3388 gratiam
814 3311 995 3393 OEnopioni.

175 3507 244 3582 lllis
264 3519 380 3582 autem
400 3507 510 3580 tribus
525 3531 605 3582 vere
622 3505 789 3581 mirandis
807 3533 816 3579 ε

247 3716 287 3780 lt
299 3735 369 3782 vero
383 3716 518 3798 pedibus,
533 3719 612 3791 etc.;

125 3914 278 3977 extremo
297 3901 485 3998 praesertim
506 3925 514 3972 :

207 4107 346 4181 Perculit,
363 4111 393 4171 et
409 4124 500 4172 cecus
514 4107 651 4172 lustravit
665 4107 731 4170 luce
744 4106 880 4178 lacunas,
