2836 4880
584 435 621 448 ...
645 404 682 461 57
707 439 741 448 ..

202 540 294 608 Dum
306 536 410 608 choro
427 535 657 608 cmlicolarum
666 537 893 620 immiscetur,
907 538 967 632 qui
983 536 1038 607 vel
1055 536 1098 607 ab
1108 536 1167 608 illo

152 658 244 732 facta
270 669 482 742 memorant,
506 658 561 730 vel
585 658 684 730 illum
707 661 847 731 monitis
871 659 1033 744 edocent,
1064 683 1169 756 quam

153 783 286 855 interea
314 805 498 879 personam
525 781 618 880 agit?
642 785 687 855 Ut
710 785 747 853 in
768 784 914 869 fabulis,
941 795 1075 856 mutam
1093 784 1168 856 for-

154 916 267 991 tasse,
285 906 466 976 immotam
489 916 602 988 certe,
625 905 814 1003 eodemque
837 908 874 978 iu
896 907 1040 1004 vestigio
1069 917 1170 978 stau—

152 1040 236 1116 tem,
258 1030 405 1103 donec-a
420 1029 631 1127 principibus
655 1030 721 1102 diis
747 1033 913 1128 incipiens
932 1032 977 1104 ad
994 1032 1169 1104 coelestcm

152 1153 368 1248 plebeculam
389 1155 560 1252 gradatim
588 1155 741 1228 laudatio
770 1155 998 1229 descenderit.
1028 1156 1170 1228 Inutiles

154 1278 260 1348 etiam
273 1289 388 1374 partes
405 1280 441 1350 in
456 1278 599 1352 deorum
611 1279 754 1353 concilio
769 1283 927 1353 sustinet.
946 1283 1064 1377 Neque
1077 1281 1169 1352 euim

153 1425 216 1499 per
230 1413 301 1476 tres
316 1403 422 1477 libros
438 1417 618 1490 monetur3
637 1405 738 1502 plura
755 1408 888 1478 narrari
901 1406 1040 1492 debent,
1065 1429 1170 1502 quam

153 1551 174 1598 a
191 1527 257 1600 diis
274 1527 401 1600 doceri.
419 1531 481 1602 Cui
501 1553 581 1602 vero
598 1530 807 1604 narrantur?
823 1533 998 1616 Ciceroni,
1019 1532 1079 1627 qui
1096 1529 1169 1602 tali-

152 1650 219 1722 bus
236 1651 379 1722 minime
396 1650 611 1724 documentis
630 1653 774 1752 indiget.

200 1777 356 1871 Denique
368 1777 484 1847 Cicero
495 1777 829 1863 nonanimadvertit,
842 1802 951 1874 quum
964 1803 984 1850 a
995 1803 1032 1850 se
1050 1777 1171 1851 nobili-

153 1911 208 1972 ter
226 1913 260 1973 et
281 1913 419 1973 strenue
438 1902 529 1973 lacta
545 1902 698 1974 divinam
722 1905 759 1973 in
784 1928 923 1976 scenam
943 1906 1168 1990 transferret,

155 2024 244 2096 effici
260 2027 378 2096 statim
398 2035 437 2096 ut
454 2026 572 2099 fabula
588 2027 765 2123 quaedam,
789 2052 860 2100 non
876 2030 952 2125 ipsa
967 2053 1022 2100 res
1035 2031 1096 2126 ,agi
1113 2029 1171 2100 vi-

154 2150 307 2224 deretur.
331 2155 401 2222 Ista
423 2154 638 2224 terrestrium
664 2153 926 2226 adumbratione
956 2154 1086 2226 coelesti
1105 2155 1171 2226 lri—

153 2288 236 2373 gent
255 2277 389 2361 omuia;
421 2279 547 2350 veritas
575 2279 792 2352 simulatione
809 2291 943 2376 torpet,
973 2305 1056 2352 suus
1078 2279 1171 2352 color

155 2399 323 2497 abripitur
340 2400 463 2484 rebus,
483 2403 594 2473 omnis
612 2403 755 2474 actionis
770 2413 886 2474 motus
901 2415 1026 2488 cessat,
1046 2403 1170 2500 legen-

154 2525 268 2620 tisquc
306 2524 460 2596 studium
502 2526 740 2622 restinguitur.
789 2527 995 2598 Ciceronem,
1028 2529 1168 2599 omnino

154 2648 306 2744 praeterit
324 2645 419 2718 nullo
443 2657 601 2742 poemate
620 2669 720 2718 suam
740 2646 878 2718 laudem
899 2647 1001 2718 altius
1028 2649 1164 2733 efferri,

156 2782 191 2842 et
208 2793 402 2866 nusquam,
422 2779 482 2842 aut
500 2771 630 2868 magis,
648 2780 708 2841 aut
729 2769 876 2842 vividius
894 2795 996 2842 suum
1015 2773 1170 2844 animum

155 2894 307 2990 spirare,
330 2918 436 2990 quarn
466 2919 574 2990 quum
604 2894 815 2966 orationihus
839 2895 875 2965 iu
908 2893 1089 2966 Catilinam
1112 2895 1170 2966 de-

158 3020 320 3104 saevieus,
341 3019 459 3116 patria
485 3019 636 3090 caritatis
656 3018 909 3091 nobilissimum
937 3043 1076 3090 carmen
1097 3019 1166 3092 edi-

156 3144 256 3216 derit.

201 3269 247 3340 At
269 3270 352 3340 satis
370 3281 465 3365 patet
492 3295 560 3366 qua
589 3282 704 3343 mente
736 3271 860 3345 ductus
888 3271 976 3342 hanc
996 3273 1164 3368 poematis

155 3395 271 3466 tritam
299 3396 468 3467 rationem
486 3395 638 3494 elegerit.
661 3399 722 3469 Hic
747 3399 851 3469 etiam
874 3408 989 3470 orator
1006 3409 1040 3469 et
1056 3397 1153 3494 politi

154 3543 215 3591 cus
235 3530 389 3616 apparet.
407 3521 594 3594 Inimicitiae
607 3529 678 3619 jam
698 3521 879 3608 exardent,
897 3521 1066 3594 conflatur
1082 3523 1165 3593 invi-

156 3642 226 3727 dia,
245 3644 369 3738 quibus
387 3645 635 3718 occurrendum
645 3657 709 3718 est.
725 3650 875 3719 Deorum
890 3647 995 3744 igitur
1008 3647 1162 3730 numine,

156 3765 323 3862 quidquid
341 3771 447 3866 egerit
462 3771 499 3842 in
511 3770 704 3855 consulatu,
717 3795 916 3844 consecrare
933 3769 1061 3841 studet.
1082 3769 1165 3842 lnde

157 3891 405 3962 concionantur
420 3904 453 3964 et
468 3896 621 3966 Minerva
641 3907 674 3965 et
692 3897 824 3991 Jupiter
843 3905 877 3966 et
897 3893 1025 3964 Urania
1042 3903 1076 3964 et
1092 3892 1164 3965 Cal-

157 4013 266 4110 liope3
283 4016 362 4088 iude
373 4021 477 4090 tutari
494 4020 655 4092 laborant
669 4045 755 4117 quas
769 4022 805 4090 in
823 4017 998 4115 republica
1014 4017 1165 4116 gerenda

157 4148 273 4233 partes
293 4140 408 4213 Cicero
426 4146 587 4240 suscepit,
609 4155 738 4216 etcum
756 4146 792 4215 in
810 4143 931 4214 eadem
945 4144 1092 4214 retinere
1108 4142 1164 4213 via
