2866 4866
544 355 725 416 *ras-

3 485 4 488 ’
123 489 176 562 vel
211 489 352 585 optimis
384 489 438 560 sui
467 488 615 584 aquales
648 489 911 586 componebant.
946 494 1141 566 Consularis

122 615 215 686 enim
243 623 367 710 poeta,
392 624 617 710 patronorum
639 615 740 713 longe
761 618 1083 712 praestantissimus,
1105 621 1141 690 in

122 737 266 809 consilio
289 736 427 833 publico
452 761 589 808 summa
605 737 738 832 pollens
761 740 981 824 auctoritate,
1001 739 1141 811 clientes

120 861 348 942 innumeros,
379 859 656 964 amicorumque
673 859 812 932 turbam
844 871 879 930 et
910 871 1141 933 assentatores

120 987 267 1076 fortasse
287 1009 356 1056 suae
375 985 472 1080 possi
488 983 670 1058 conciliare
688 984 818 1058 Tullius
839 985 977 1058 evaluit.
996 988 1051 1059 Me
1068 1009 1142 1058 sus-

120 1111 209 1206 picio
236 1132 374 1205 quoque
401 1107 514 1194 subit,
544 1108 657 1180 Attico
685 1108 739 1182 nel
767 1109 875 1182 invito
891 1117 1143 1207 nonnunquam

121 1233 371 1317 accidissent,
396 1234 471 1328 ipse
497 1243 619 1328 poeta,
648 1257 728 1304 snas
752 1233 873 1306 laudes
897 1233 1138 1306 loenararetur·
1222 1253 1225 1260 ·

119 1361 328 1459 Exspectare
353 1358 527 1444 carmina,
549 1356 674 1452 quibus
697 1357 741 1436 ad
769 1357 1138 1442 connectebatur,

122 1484 158 1556 Ρ.
181 1482 327 1554 Lentulo
356 1505 439 1553 sane
469 1481 577 1554 licuit.
606 1482 761 1554 Partium
781 1505 923 1554 suarum
945 1478 1140 1556 consortem

121 1613 261 1700 poetam
286 1601 447 1674 laudibus
465 1601 627 1676 extollere
650 1614 723 1674 tam
740 1603 874 1676 sincero
893 1627 998 1700 quam
1017 1603 1141 1677 callido

120 1727 401 1812 Cassiusanimo
426 1727 551 1822 potuit.
578 1727 673 1800 Alios
690 1740 729 1800 ut
752 1731 932 1814 omittam,
954 1732 1087 1802 Graecos
1106 1744 1141 1802 et

120 1854 318 1934 Romanos,
338 1873 487 1945 quorum
504 1850 697 1945 frequentia
714 1853 885 1924 Ciceronis
905 1853 1029 1924 domus
1048 1879 1141 1950 quo-

121 1976 206 2048 tidie
231 1974 482 2059 celebrabatur,
503 1975 681 2046 Luoretius
699 1975 865 2061 fortasse,
887 1977 1042 2048 Catullus
1066 1979 1140 2050 sine
1215 2012 1220 2024 ·

122 2101 249 2186 dubio,
268 2111 307 2172 ut
333 2097 478 2196 patrono
497 2100 626 2196 gratias
651 2101 744 2198 egit,
764 2101 814 2173 sic
833 2101 1005 2174 officiosus
1031 2114 1139 2198 poete

120 2224 358 2296 blandiri'non
377 2223 497 2294 abnuit
517 2222 528 2316 (
554 2223 582 2320 ).

171 2351 282 2422 Caesar
294 2350 381 2445 ipse,
398 2347 442 2420 ad
462 2359 600 2444 poetam
618 2347 758 2444 quidem
774 2349 941 2435 scribens,
957 2349 1000 2422 de
1019 2375 1140 2435 consu·

119 2473 193 2546 latu
210 2497 272 2545 suo
289 2497 429 2562 carmen
447 2457 497 2543 'illi
517 2471 710 2568 gratulatus
730 2483 803 2542 erat
824 2472 872 2567 (2)
896 2499 904 2543 :
929 2475 1071 2559 «Nam,
1092 2477 1140 2546 ait

98 2590 261 2682 'Cicero,
291 2599 442 2694 primurn
472 2595 600 2668 librum
628 2595 818 2692 selegisse
847 2597 984 2692 scripsit
1013 2597 1139 2671 adme

120 2734 224 2808 ante,
245 2733 279 2794 et
296 2723 408 2818 prima
425 2722 494 2805 sic,
510 2731 549 2792 ut
562 2731 665 2817 neget
678 2743 715 2790 se
728 2743 772 2790 ne
784 2743 894 2816 graeca
911 2719 1053 2816 quidem
1069 2745 1140 2792 ms·

119 2849 209 2922 liora
230 2847 367 2946 legisse.
391 2846 536 2942 Reliqua
555 2845 600 2918 ad
622 2844 807 2941 quemdam
829 2844 943 2918 locum
967 2855 1134 2933 ῥαὼμότερα.
1211 2939 1214 2948 ,

123 2975 195 3044 Hoc
221 2973 315 3044 enirn
332 2973 440 3042 utitur
463 2969 581 3042 verbo.
612 2969 674 3040 Dio
700 2969 787 3040 mihi
805 2993 927 3042 verum
945 2995 953 3041 :
974 2995 1059 3044 num
1078 2983 1139 3042 aut

3 3109 4 3118 ’
122 3125 178 3173 res
198 3123 279 3171 eum
295 3108 356 3170 aut
369 3111 501 3185 χαρακτὴρ
521 3120 591 3168 non
609 3093 783 3168 delectat?
801 3124 817 3163 s

173 3223 346 3295 Ciceronis
358 3221 463 3318 igitur
474 3219 622 3315 aquales
635 3219 734 3292 illum
750 3219 900 3290 universi
913 3218 984 3290 fere
1001 3231 1138 3316 poetam

4 3403 5 3412 ,
123 3347 291 3420 salutant.
311 3343 541 3418 Laudantium
561 3355 678 3416 tamen
698 3343 802 3415 choro
819 3343 934 3414 minus
953 3347 1138 3418 concordes

121 3471 309 3556 nonnullos
321 3469 640 3541 animadvertimus.
652 3468 789 3540 Falsum
802 3469 992 3541 omittimus
1004 3469 1140 3544 Sallus-

123 3598 234 3682 tium,
262 3597 321 3692 qui
346 3597 393 3667 Dc
418 3598 600 3688 temporibus
622 3597 684 3664 suis
703 3615 841 3664 carmen
861 3593 964 3666 dente
987 3593 1138 3692 maligno

3 3725 4 3820 J
122 3721 248 3817 carpit.
270 3721 316 3791 At
336 3719 479 3790 fratrem
500 3717 543 3790 de
565 3741 635 3789 non
654 3718 811 3788 curantia
831 3717 879 3814 (3)
899 3725 972 3813 jam
991 3719 1138 3800 Quintus

161 3934 198 4006 (t)
217 3933 348 4002 Catullus,
365 3936 409 3990 to.

161 4031 198 4100 (2)
218 4030 257 4086 Ad
271 4025 413 4099 Quintum,
428 4029 447 4084 l.
463 4033 496 4098 2,
514 4033 557 4084 ts.

162 4129 198 4196 (a)
217 4127 256 4182 nd
271 4127 410 4194 Quintum,
427 4127 444 4181 l.
460 4131 493 4197 2,
518 4131 544 4182 9.
565 4125 608 4182 Sic
625 4127 702 4198 vulgo
720 4127 825 4199 legitur,
840 4129 911 4198 quod
930 4131 1061 4187 recentius
1079 4143 1137 4187 nu-

1015 4230 1035 4288 9
