2866 4866
657 351 890 444 pres-

340 527 417 594 Haec
428 523 498 592 lere
513 531 594 592 sont
608 527 682 618 ejus
694 531 898 618 argumenta
915 545 924 591 ε
946 547 961 586 r
976 519 1061 602 Quis
1077 515 1163 588 adeo
1176 515 1309 612 fungus

291 645 365 719 est?
377 657 442 717 etc.
460 673 476 713 ›
493 647 537 717 Et
549 644 630 717 iude
647 645 820 718 concludit
836 668 906 716 non
922 644 1075 716 Ciceroni
1088 663 1227 725 venam,
1245 638 1311 711 sed

290 781 426 864 tempus
453 778 487 840 et
508 767 721 840 voluntatem
747 766 914 851 defuisse;
935 767 989 838 sin
1003 767 1139 850 minus,
1165 764 1313 861 «longo

291 890 431 987 quidem
459 882 642 964 intervallo
662 915 800 976 omues,
820 893 925 963 etiam
943 889 1144 989 Virgilium,
1163 914 1185 961 a
1210 899 1314 986 tergo

292 1015 499 1112 reliquisset.
523 1045 545 1084 s.

339 1140 477 1212 Saeculis
500 1138 635 1212 duobus
662 1141 892 1236 interpositis,
919 1164 989 1212 uon
1008 1136 1094 1210 adeo
1115 1135 1268 1208 Voltaire
1290 1161 1313 1207 a

292 1265 435 1346 Ferrerii
452 1265 622 1336 sententia
633 1264 773 1336 recedit.
789 1266 987 1337 Ciceronem
1000 1262 1094 1335 haud
1111 1261 1317 1335 dubitanter

293 1389 403 1483 poetis
419 1389 595 1474 inserens,
613 1389 712 1460 illum
726 1390 831 1460 etiam
844 1388 887 1461 de
900 1390 1011 1486 primo
1025 1387 1135 1486 gradu
1151 1409 1233 1458 cum
1246 1387 1316 1457 Lu-

293 1511 399 1582 cretio
426 1509 600 1582 decertare
627 1511 824 1597 contendit,
855 1523 889 1582 et
914 1515 1015 1582 Marii
1037 1508 1195 1582 versibus
1224 1505 1313 1579 nibil

293 1636 510 1730 prestantius
532 1637 716 1708 existimat.
738 1637 831 1720 Quos
850 1661 920 1708 non
943 1637 1015 1707 sine
1034 1635 1144 1706 multa
1163 1627 1314 1704 cuncta-

295 1761 410 1845 tione,
432 1771 466 1831 et
491 1784 617 1858 magna
641 1763 694 1832 sui
718 1761 909 1833 diffidentia
927 1770 1124 1833 conuertere
1145 1757 1314 1841 molitum

296 1879 537 1982 expressisque
549 1887 723 1970 itatimet,
745 1897 784 1958 ut
807 1885 1011 1982 exemplaris
1030 1886 1088 1956 vir
1103 1885 1316 1955 lineamenta

296 2009 454 2106 quaedam
471 2033 509 2081 se
525 2009 750 2081 adumbrasse
768 2008 929 2079 fateatur.

346 2137 442 2208 Idem
454 2160 535 2208 vero
549 2161 651 2207 suum
664 2136 900 2206 testimouium
914 2133 1042 2205 invitus
1061 2132 1190 2217 elevat,
1205 2154 1316 2227 quum

298 2269 427 2328 temere
450 2257 617 2328 malevolo
642 2257 792 2328 consulis
820 2257 965 2330 derisori
992 2258 1162 2330 Ciceronis
1187 2258 1318 2328 certis-

300 2356 387 2450 sima
406 2378 563 2474 quadem
579 2378 744 2451 adscribit
764 2379 775 2476 (
802 2379 829 2476 ).

347 2505 459 2600 Hujus
474 2513 590 2574 tamen
605 2505 780 2576 sententiae
799 2506 1006 2604 suffragatus
1023 2505 1233 2585 Middletou,
1248 2503 1316 2574 vir-

300 2624 433 2696 tutibus
444 2627 601 2697 oratoriis
613 2628 684 2697 vim
700 2628 827 2724 ingenii
844 2629 1013 2723 poeticam
1032 2652 1102 2698 non
1118 2626 1317 2697 inferiorem

299 2750 451 2820 futuram
475 2751 628 2821 Ciceroni
654 2751 778 2835 fuisse,
805 2753 834 2822 si
860 2775 979 2847 parem
1006 2750 1198 2823 excolendae
1221 2750 1316 2846 poesi

302 2897 421 2946 curam
437 2873 680 2968 impendisset,
699 2886 814 2970 aperte
833 2876 986 2947 declarat
1004 2875 1069 2970 (2).

350 2999 567 3069 Metastasius
588 3011 707 3070 contra
728 3000 841 3084 dolet,
859 3001 951 3096 quod
977 3025 1018 3072 ea
1041 3000 1145 3070 fuerit
1164 2997 1317 3070 Ciceroni

305 3123 426 3202 virtus,
440 3131 479 3191 ut
492 3121 637 3194 ridenda
652 3136 811 3218 poemata
824 3134 874 3195 tot
887 3125 984 3196 libris
1000 3123 1227 3195 immiscuerit
1251 3120 1317 3217 (3)

352 3243 485 3314 Nostris
502 3245 712 3342 temporibus
731 3247 767 3316 in
785 3271 894 3317 unum
911 3249 1109 3344 conspirant
1124 3249 1216 3318 inter
1231 3269 1317 3342 poe-

307 3376 360 3436 tas
377 3376 412 3437 et
429 3367 562 3440 criticos
577 3369 776 3440 doctissimi.
795 3373 1007 3457 Lamartiue,
1024 3379 1121 3470 cujus
1137 3393 1265 3442 nomeu
1280 3369 1316 3438 in

306 3511 344 3559 re
364 3489 533 3573 temleri,
550 3515 682 3584 precor,
697 3493 797 3564 liceat
813 3495 1006 3590 appellare,
1022 3496 1196 3568 Ciceronis
1214 3493 1316 3564 etiam

307 3612 447 3680 Marium
471 3610 629 3686 laudibus
647 3616 797 3700 extollit,
818 3628 852 3688 et
870 3620 1021 3714 opinioni
1048 3643 1186 3715 quoque
1205 3616 1319 3689 refra-

309 3743 421 3828 gatur,
436 3744 474 3803 ut
486 3734 653 3820 Voltaire,
670 3763 738 3832 qua
749 3741 957 3814 carminibus
971 3744 1117 3827 oratori,
1138 3752 1177 3814 ut
1194 3765 1317 3839 parum

347 3930 384 3991 (t)
401 3929 478 3981 Rome
490 3929 600 3996 sorece,
616 3930 690 3999 prael.

346 4022 382 4087 (2)
406 4021 467 4075 Vita
481 4023 631 4092 Ciceronis,
646 4025 737 4084 ultimo
750 4027 827 4084 libro.

348 4119 383 4185 (3)
404 4118 509 4170 Portica
522 4117 655 4174 d'Orozr‘o.
672 4122 738 4176 Nota
749 4123 773 4177 in
789 4138 865 4182 versu
880 4129 942 4202 Sol.
963 4177 967 4187 ,
