2836 4880
684 341 823 400 ..6-

249 496 412 559 numere,
429 495 506 570 quae
518 495 654 544 summo
663 471 793 570 judicio
805 473 939 570 primus
953 486 1014 548 aut
1029 477 1121 550 inter
1134 481 1271 575 primos

248 601 292 673 ab
309 600 462 673 oratione
485 599 620 695 poetica
643 598 852 672 removenda
871 601 1041 687 senserit3
1060 627 1137 699 quae
1158 629 1269 690 vero,

249 749 357 823 quum
373 726 416 798 iis
435 735 554 798 notam
571 725 776 809 inussisset,
798 725 940 798 infamia
964 729 1098 823 poesim
1122 729 1272 828 elegan-

249 850 373 923 tiorem
404 846 632 944 reliquerint,
665 856 700 920 et
731 847 768 918 in
802 857 1009 944 perpetuum
1043 850 1269 924 exoleverint.

248 975 381 1044 Horum
396 970 503 1068 igitur
521 967 687 1040 nonnulla
705 967 806 1040 lieeat
829 969 987 1066 exempla
1013 970 1174 1059 laudare,
1193 975 1272 1070 qui-

246 1097 313 1170 bus
330 1094 417 1167 illud
434 1092 615 1167 horridum
633 1103 669 1164 et
683 1092 878 1166 obsoletum
896 1093 969 1192 (1),
990 1107 1025 1167 et
1044 1101 1272 1196 expurgantis

111 1277 114 1282 .
248 1221 403 1295 laborem
422 1231 457 1292 et
475 1219 681 1316 sapientiam
693 1220 865 1292 aestimare
880 1221 1066 1316 possimus.
1082 1224 1191 1296 Multa
1207 1226 1272 1296 ni-

250 1348 378 1418 mirum
401 1345 600 1444 abrogavit,
620 1369 698 1442 quae
721 1345 866 1417 nimiam
893 1347 1135 1443 antiquitatem
1159 1350 1271 1423 redo-

249 1470 372 1542 lerant.
382 1470 498 1556 Quum
507 1471 600 1542 enim
609 1469 702 1568 apud
710 1470 862 1544 Ennium
871 1471 1271 1568 etipsumapudAttium

250 1593 406 1693 subjecta
420 1605 455 1666 et
470 1593 668 1666 istiusmodi
681 1593 853 1690 plurima,
869 1605 904 1666 et
920 1597 1109 1693 agrestium
1125 1597 1270 1693 quidem

251 1722 402 1818 reperire
415 1721 481 1806 sit,
496 1721 534 1791 in
543 1719 647 1791 Tullii
659 1719 870 1792 carminibus
883 1719 957 1792 haee
969 1720 1098 1794 frustra
1108 1747 1242 1819 quaeras
1257 1751 1268 1798 ε

256 1847 469 1943 «Sanguen,
495 1844 635 1942 equale,
661 1845 853 1941 squalitas,
880 1845 1020 1931 solitas,
1051 1849 1267 1945 angustius,

250 1972 440 2057 virissitas,
463 1971 656 2069 magnitas,
674 1971 930 2070 egregiissima,
951 1971 1135 2058 noxitudo,
1155 1973 1267 2060 iorni,

250 2095 397 2182 dividia.
416 2097 552 2168 senium
572 2124 589 2163 ‹
611 2095 787 2168 taedium»
810 2094 928 2190 volup.
951 2123 968 2164 κ

266 2259 270 2272 ·
298 2223 445 2294 Duriora
469 2244 606 2316 quoque
626 2219 681 2292 vel
705 2221 782 2317 ipsa
806 2230 932 2294 natura
955 2219 1011 2294 vel
1036 2223 1271 2296 eontroetione

250 2346 464 2444 proscripsit.
494 2344 729 2418 Offendissent
758 2347 852 2420 enim
888 2347 982 2420 auris
1013 2348 1270 2444 superbissime

246 2469 418 2570 judicium
435 2470 672 2567 ‹possestrix;
685 2481 870 2567 parentum
880 2472 1051 2544 incertum
1061 2473 1269 2570 investigan-

251 2594 336 2668 dum
351 2596 463 2694 gratia
479 2593 550 2692 (2),
569 2624 587 2664 r
604 2606 639 2668 et
650 2595 826 2694 vulgarior
839 2595 989 2670 ueteres
1007 2598 1266 2692 pretermisso,

252 2745 322 2818 qua
339 2731 413 2796 tam
428 2722 540 2794 multa
556 2721 649 2818 apud
665 2723 815 2796 Ennium
837 2732 872 2793 et
888 2721 1023 2794 Attium
1040 2725 1157 2796 neseio
1172 2724 1269 2819 quod

250 2844 433 2918 horridum
458 2843 686 2930 contrahunt,
718 2857 778 2931 ut,
805 2844 903 2920 verbi
931 2870 1057 2933 eausa,
1086 2847 1266 2933 «visust,

252 2968 395 3043 stultust
411 2978 446 3040 et
462 2967 500 3042 hi
514 2991 636 3042 versus
654 2995 663 3041 τ

262 3263 264 3272 y
291 3169 334 3232 Te
343 3187 438 3243 nune,
451 3175 554 3232 saneta
565 3169 685 3244 Venus,
701 3189 818 3250 precor,
832 3175 863 3232 et
872 3171 1001 3245 genitrix
1011 3169 1097 3250 patri'
1109 3173 1202 3232 nostri
1213 3168 1266 3254 (3).

333 3360 438 3424 Suavis
451 3361 557 3435 homo,
574 3361 725 3436 ineunda,
743 3379 798 3424 suo
809 3364 973 3437 contentu,
990 3362 1112 3439 beatus,

332 3470 435 3546 sutu’,
450 3471 582 3536 seeundo
594 3472 719 3554 loquens
735 3473 768 3536 in
780 3477 932 3554 tempore,
944 3473 1125 3548 summatim,
1138 3471 1268 3536 verbum

335 3580 474 3646 Paucum
487 3581 542 3662 (t).

287 3826 324 3896 (t)
338 3825 376 3882 De
390 3825 517 3897 Oratore,
533 3826 657 3898 1.³,25.

270 3913 274 3920 ’
287 3922 324 3993 (2)
337 3921 430 3981 Bothe.
443 3925 528 3982 Poetoe
538 3923 647 3993 Sceutet
654 3964 662 3994 ‚
677 3924 817 3996 Atalanta,
833 3924 953 3995 Pacuvii,
965 3939 993 3998 p.
1008 3927 1071 3981 ⁴09.

290 4019 327 4091 (3)
341 4019 450 4077 Ennius.
469 4021 597 4080 Annales.

291 4116 326 4185 (t)
343 4116 452 4176 Ibidem.
