2866 4866
635 351 639 366 '
734 384 917 446 -trs-

316 543 319 548 ·
365 521 409 592 lt
424 529 637 615 apoetarurn
654 528 777 590 natura
791 542 861 590 non
873 539 1015 615 prorsus
1031 503 1331 616 abhorret,'quam
1414 568 1417 589 .,

317 645 372 716 his
399 647 473 741 ipse
489 644 603 716 verbis
621 645 773 742 expingit
792 670 802 716 z
823 644 979 716 ‹Adhno
995 647 1166 718 neminem
1187 649 1331 745 cognovi
1415 628 1416 640 ἵ

316 781 499 867 poetam...
522 770 582 866 qui
600 768 753 840 sibinen
771 768 923 864 optimus
938 767 1114 840 rideretur
1135 767 1230 866 (l).»
1254 773 1332 843 Pro·

316 905 415 990 perat
426 893 627 966 enimfatori
646 917 709 964 ‹se
719 894 863 965 vertisse
874 892 984 964 multe
997 892 1040 964 de
1049 894 1188 980 Graeeis,
1205 917 1251 965 ne
1265 919 1331 990 quo

315 1030 543 1104 ornamento,
570 1020 608 1090 in
636 1017 702 1090 boo
739 1041 864 1116 genere
900 1017 1170 1115 disputationis,
1201 1031 1332 1092 careret
1422 1041 1423 1096 l

316 1145 425 1219 latina
440 1143 563 1216 oratio.
581 1171 597 1211 ι

365 1273 443 1342 Hae
458 1268 501 1341 de
514 1269 707 1354 conversis;
724 1266 766 1340 de
780 1267 926 1364 propriis
939 1267 1214 1364 magnificentius
1229 1268 1331 1340 etiam
1422 1321 1423 1326 ,

317 1391 375 1464 ille
394 1392 524 1464 sentit:
550 1390 788 1462 ‹Plaoiturum
804 1414 880 1462 esse
897 1389 973 1473 tibi,
993 1392 1054 1476 ait,
1069 1390 1197 1463 librum
1215 1415 1330 1486 meum
1415 1447 1416 1452 ,

318 1516 538 1614 suspirabam
559 1527 631 1588 tarn
646 1515 746 1589 valde
758 1515 934 1615 placuisse
950 1539 1056 1613 quam
1074 1517 1216 1604 scribis,
1236 1517 1331 1592 valde
1415 1527 1418 1600 ἶ

318 1641 453 1740 gaudeo
476 1639 577 1737 (2).»
1085 1630 1086 1634 ’

368 1765 524 1840 Scaevolae
541 1763 655 1836 verbis
672 1761 847 1834 hariolans
868 1761 942 1860 (3):

501 1961 643 2025 Canescet
659 1962 743 2024 seclis
756 1961 1038 2036 innumerabilibus,

321 2145 617 2218 immortalitatem
644 2146 805 2219 Marianas
833 2147 975 2242 quercui
1001 2146 1221 2232 vaticinatur,
1254 2147 1334 2243 quin
1413 2150 1414 2160 ’

320 2270 395 2364 ipse
409 2292 532 2364 poema
552 2271 595 2338 De
609 2273 792 2360 temporibus
806 2273 868 2339 suis
881 2269 1001 2342 eadem
1017 2293 1077 2366 spe
1093 2273 1332 2366 prosequitur:
1414 2293 1415 2348 l

326 2393 453 2462 «Sunt
467 2392 559 2462 enirn
583 2401 687 2462 testes
709 2387 803 2488 (tres
821 2391 946 2491 libri),
966 2404 1000 2466 et
1018 2405 1119 2466 erunt
1134 2396 1336 2491 sempiterni
1411 2364 1414 2446 l

323 2516 527 2588 meritorum
545 2537 626 2612 erge
645 2496 879 2600 moruorum,
900 2541 1053 2614 meaque
1069 2519 1205 2614 pietatis
1228 2519 1295 2618 (l).
1316 2549 1331 2588 s

321 2643 371 2712 De
389 2639 530 2712 Caesaris
548 2638 690 2711 tandem
704 2638 920 2735 expeditione
938 2642 986 2712 sie
1003 2640 1047 2712 ad
1064 2641 1206 2712 fratrem
1223 2643 1336 2726 Quin·

322 2775 398 2836 tum
410 2763 530 2835 soribit
545 2787 554 2834 :
572 2762 702 2846 «Quod
715 2787 772 2834 me
784 2762 947 2847 hortaris,
960 2775 1000 2836 ut
1009 2763 1185 2837 absolvam
1202 2765 1335 2839 thebeo
1413 2752 1414 2758 ἵ

322 2887 519 2960 absolutum
539 2910 666 2973 suave,
684 2889 770 2960 mihi
792 2890 933 2986 quidem
953 2891 1003 2963 uti
1022 2891 1172 2978 videtur,
1194 2917 1275 2990 epos
1291 2894 1336 2966 ad

323 3013 493 3084 Casarem
514 3008 579 3106 (5).
601 3037 617 3077 ›

374 3134 537 3218 Quamvis
554 3134 691 3232 igitnre
707 3158 744 3206 se
757 3137 929 3208 conversis
946 3138 1062 3210 Cicero
1075 3137 1238 3235 plaudat,
1257 3163 1336 3236 pro-

325 3258 401 3355 pria
422 3267 538 3329 tamen
566 3264 697 3356 majore
719 3257 836 3331 'studio
861 3259 953 3332 fovet
977 3272 1012 3333 et
1033 3285 1158 3359 parens
1182 3263 1337 3360 amplec-

325 3382 422 3454 titur.

373 3502 560 3577 lndiserota
571 3504 743 3577 Ciceronis
756 3507 910 3578 cumina
920 3507 1103 3616 mirantes,
1116 3507 1215 3581 illum
1227 3510 1338 3606 poetis

361 3775 399 3846 (r)
419 3755 544 3846 netu,
560 3772 579 3830 1.
595 3777 626 3844 e,
640 3777 686 3834 ss.

362 3871 399 3941 (s)
418 3868 732 3940 tenuissumas.

319 3973 325 3988 ⁴
363 3968 400 4037 (3)
419 3965 634 4039 nabataea,
652 3969 676 4023 l.

365 4065 401 4134 (n
420 4063 510 4136 spor.
526 4064 560 4120 au
575 4062 676 4130 tamn,
691 4063 710 4120 1.
727 4068 757 4134 r,
771 4067 798 4122 o.

364 4157 401 4230 (a)
420 4156 459 4214 re
472 4154 610 4228 punem,
627 4156 645 4214 ι.
663 4159 693 4226 a,
708 4159 734 4212 o.
