2866 4866
529 432 690 491 ..77..

98 567 178 637 Non
203 566 252 636 ita
274 553 442 636 'lamentis
471 561 628 660 indulget
657 563 786 634 Cicero.
818 562 880 634 Hie
911 574 1026 635 autem
1056 566 1116 636 in-

98 691 223 786 primis
244 713 323 762 cum
347 688 406 760 illo
425 689 703 772 consentiamus;
731 697 766 759 et
784 688 894 785 magis
914 686 1117 762 dilectamur
1155 748 1158 754 .

98 814 182 887 his:
209 843 225 883 t
246 814 359 910 Aqua'r'
378 812 495 886 dulcis¹
506 797 675 898 alumna,
693 813 816 884 inanes
833 823 954 885 cantus
973 812 1117 886 fundere

97 938 249 1034 paratis,
268 935 487 1034 absurdoque
504 962 624 1010 sono»
646 959 752 1034 quarn
766 935 958 1034 hydrarum
981 961 1059 1010 esca
1084 948 1120 1010 et

98 1045 491 1158 ranularum'patribus.

150 1189 305 1272 Quatuor
323 1211 444 1259 versus
467 1187 527 1282 qui
547 1184 639 1282 apud
657 1186 854 1259 Ciceronem
876 1186 1116 1285 subjiciuntur,

98 1311 186 1382 satis
203 1310 429 1394 confirmant,
449 1308 541 1405 quod
557 1310 664 1381 critici
678 1311 863 1409 conjiciunt
881 1309 947 1408 (1),
965 1313 1121 1404 Procnes·

100 1438 232 1506 ticomm
249 1435 401 1530 aliquam
417 1435 652 1518 recensionem
669 1433 713 1506 ab
730 1436 916 1532 interprete
929 1443 1003 1534 jam
1020 1439 1120 1510 annis

95 1571 262 1658 provecto
277 1560 610 1657 susceptamkfuissa
628 1585 668 1633 eo
682 1572 837 1659 tempore
850 1563 1032 1648 nimirum,
1050 1588 1120 1660 quo

99 1687 150 1755 De
172 1686 333 1756 consolata
361 1707 501 1756 carmen
530 1695 565 1756 et
580 1685 715 1757 Urania
736 1687 955 1784 prognostica
982 1710 1120 1784 quoque

101 1811 305 1882 minaretur.
326 1810 370 1880 Hi
389 1811 481 1880 enim
500 1821 648 1905 quatuor
663 1834 773 1881 unum
789 1812 889 1908 graeci
904 1835 1065 1899 versum,
1086 1824 1122 1885 et

101 1945 225 2030 quater
255 1931 376 2004 eadem
403 1931 566 2003 reddunt.
600 1934 672 2004 Hoc
701 1931 859 2005 Aratus:
882 1933 986 2006 «Aut
1011 1935 1122 2008 ululat

101 2081 206 2128 mane
223 2056 375 2128 solitaria
390 2053 563 2126 acredula.
577 2082 593 2121 r
608 2057 780 2151 Interpres
789 2080 852 2153 pro
863 2080 932 2127 uno
952 2057 1115 2130 «ululat»

102 2193 138 2254 et
154 2209 170 2249 t
190 2181 281 2253 canit
298 2157 449 2262 carmen,
462 2206 478 2246 n
491 2189 525 2249 et
539 2178 744 2249 «matutinis
760 2177 901 2250 vocibus
918 2180 1044 2266 instat,
1063 2206 1121 2255 vo-

101 2306 200 2378 cibus
215 2307 321 2376 instat
338 2333 354 2372 »
376 2305 520 2388 iterum,
537 2313 572 2374 et
591 2330 607 2370 t
623 2302 780 2376 assiduas
796 2303 954 2400 querelas
970 2333 986 2373 n
1005 2305 1121 2404 agglo-

103 2439 226 2502 merat.
246 2432 342 2500 Hanc
355 2426 599 2524 battologiam,
617 2451 686 2523 qua
700 2427 817 2499 forsan
833 2428 935 2500 varia
949 2429 1119 2504 Ciceronis

102 2555 310 2628 mutationes
348 2551 598 2648 significantur,
638 2550 774 2622 duobus
805 2562 942 2654 tantum
976 2557 1120 2628 servatis

104 2677 282 2762 versibus,
304 2676 352 2747 sic
372 2698 495 2746 sanare
514 2673 658 2745 liceret:

185 2879 270 2958 Sape
283 2879 374 2940 etiam
388 2877 527 2956 pertriste
541 2877 621 2937 canit
634 2875 672 2936 de
685 2876 804 2954 pectore
818 2892 957 2951 carmen,

185 2987 226 3048 Et
243 2988 396 3048 matutinis
413 2985 553 3048 acredula
567 2983 689 3045 vocibus
705 2984 815 3058 instat;

105 3163 165 3226 aut
182 3177 191 3224 :

186 3351 226 3414 Et
246 3352 410 3414 matutinos
428 3349 546 3408 exercet
560 3343 699 3406 acredula
718 3283 823 3403 celitus
838 3337 892 3422 (2),

190 3459 295 3534 Quum
308 3461 442 3540 primum
456 3455 567 3531 gelidos
581 3471 663 3515 rores
679 3467 787 3512 aurora
801 3448 939 3511 remittit.

156 3649 311 3733 Quatuor
338 3643 451 3718 ultimi
478 3664 598 3713 vorsus
628 3635 720 3735 apud
748 3636 946 3708 Ciceronem
975 3628 1123 3727 eleganti

107 3797 259 3871 quoque,
278 3770 340 3844 sed
357 3769 468 3867 magis
483 3787 617 3864 pressa,
632 3785 701 3859 qua
716 3761 831 3858 vigere
850 3757 949 3842 solet,
968 3755 1121 3828 oratione

103 3910 180 3999 jam
196 3897 359 3970 eminent.

146 4113 182 4180 (tt
199 4109 291 4166 Cicero
304 4105 338 4163 ad
351 4103 481 4172 Atticum,
496 4103 515 4158 l.
530 4104 562 4169 2,
579 4103 605 4156 t.

148 4203 184 4271 (ἲ)
203 4203 246 4262 Sto
257 4201 374 4259 Isidorus
385 4198 454 4272 apud
467 4197 624 4255 Lindemann
637 4209 663 4266 p.
678 4197 739 4251 tot,
