2836 4880
744 409 779 420 ..
803 375 844 436 46
865 408 905 420 -

366 511 417 582 Ex
433 509 486 580 1116
503 507 678 594 omnibus,
697 515 772 606 quae
791 511 906 582 minus
925 489 1100 583 notatione
1117 510 1224 610 digna
1236 517 1357 592 sunt,

319 645 353 706 et
373 659 448 730 quae
472 634 665 732 significare
690 635 774 706 satis
795 645 867 720 661,
889 645 1078 706 extremam
1102 635 1192 707 hanc
1215 634 1359 732 perio-

318 759 402 832 dum
420 752 637 856 seponimus,
654 785 730 856 666
743 759 884 855 quidem
896 760 1081 859 fragmenti
1095 762 1214 857 prima
1230 756 1358 833 simil-

297 882 419 998 )1166,
439 907 516 956 6661
541 883 652 956 661616
677 884 809 979 poetico
832 883 933 981 longe
956 886 1191 980 61661611116
1218 897 1356 968 autem

316 1033 436 1083 versus
453 1012 544 1082 inter
560 1021 699 1082 caeteros
721 1010 849 1081 eminet
866 1035 875 1081 ε
1372 991 1375 998 ’

396 1189 402 1204 ⁶
440 1223 587 1287 Uberibus
603 1225 731 1300 gravidis
744 1224 826 1286 vitali
839 1242 906 1286 1616
920 1223 1048 1298 rigabat.
1165 1302 1171 1324 ἲ
1194 1285 1198 1300 ,

317 1439 423 1535 Cujus
438 1437 551 1533 imago
567 1433 694 1531 duplex
705 1459 780 1506 rem
799 1433 973 1532 eleganter
986 1443 1020 1505 et
1034 1457 1193 1530 expresse
1206 1436 1347 1534 pingit.

318 1563 494 1646 Quantum
515 1585 596 1632 vero
621 1559 664 1632 ab
693 1559 846 1632 oratione
874 1559 985 1630 soluta
1009 1557 1155 1631 recedit!
1181 1563 1350 1632 «Tactus

318 1699 372 1759 est
396 1688 500 1758 etiarn
524 1685 598 1770 ille,
621 1687 679 1781 qui
701 1683 1346 1772 1666611666661111111,1161116166,

319 1837 424 1908 quem
449 1813 647 1882 inauratum
667 1811 703 1880 in
720 1807 886 1906 Capitolio
909 1833 1054 1905 parvum
1073 1821 1176 1906 atque
1198 1809 1348 1882 lacten-

318 1947 402 2023 tem,
419 1921 582 2010 uberibus
599 1935 726 2032 lupinis
744 1934 949 2019 inhiantem,
963 1935 1069 2008 fuisse
1086 1938 1340 2009 meministis»

323 2066 500 2134 «Parvum
516 2071 619 2157 atque
633 2061 818 2132 lactentem
831 2089 846 2128 1
863 2061 1023 2158 imaginis
1038 2061 1257 2158 simplicitate
1272 2063 1346 2134 cir-

318 2166 450 2261 cuitum
482 2187 760 2284 elegantiorem:
797 2185 927 2256 «vitali
961 2209 1039 2258 rore
1070 2187 1226 2286 rigabat;
1249 2215 1265 2255 1
1291 2231 1347 2241 -

325 2341 341 2380 6
360 2311 523 2383 uberibus
541 2309 668 2406 lupinis
686 2309 904 2380 inhiantem»
926 2311 1115 2406 prasertim
1136 2339 1152 2378 1
1171 2309 1347 2383 uberibus

319 2434 502 2532 gravidis»
526 2433 634 2504 multo
653 2443 804 2529 superat.
974 2410 983 2434 ⁴

368 2561 508 2632 Constat
534 2561 650 2659 igitur,
677 2559 713 2629 in
739 2558 803 2632 hac
831 2569 949 2656 parte,
975 2560 1171 2632 Ciceronem
1196 2571 1348 2657 poetam

318 2711 398 2758 curn
423 2697 557 2760 6161616
585 2709 805 2780 nequaquam
830 2684 993 2782 pingendi
1021 2687 1118 2781 copia
1144 2685 1343 2760 decertare.

319 2813 438 2884 Paucis
453 2810 598 2892 additis,
611 2809 791 2904 utriusque
805 2786 1100 2905 comparationem
1109 2809 1343 2885 absolvimus.

319 2936 540 3032 Prosequitur
556 2944 658 3030 66616
673 2959 682 3005 :

400 3163 480 3225 Turn
493 3164 559 3241 quis
573 3181 644 3236 1166,
660 3163 732 3222 61116
747 3162 854 3240 scripta
868 3179 902 3222 66
910 3168 1107 3226 monumenta
1116 3165 1270 3242 volutans,

400 3274 494 3335 Voces
506 3271 656 3332 tristificas
671 3271 781 3330 chartis
794 3272 951 3349 promebat
965 3275 1106 3334 etruscis?

274 3435 289 3464 0
401 3381 513 3443 Omnes
530 3379 608 3442 civili
628 3395 770 3454 generosa
789 3379 826 3439 ab
846 3381 935 3459 stirpe
950 3380 1112 3460 profectam

300 3563 304 3572 6
401 3491 504 3554 Vitare
517 3491 668 3563 ingentem
683 3489 799 3550 cladem
812 3493 987 3568 6661661666
1001 3491 1180 3566 6166611661;

403 3601 460 3662 Vel
472 3600 575 3673 legum
590 3601 714 3660 aritium
728 3601 875 3659 constanti
889 3617 962 3660 voce
976 3597 1129 3674 ferebant,

404 3709 529 3788 Templa
542 3709 692 3785 deumque
707 3709 780 3769 adeo
794 3707 922 3769 flammis
938 3709 1103 3788 urbemque
1116 3709 1263 3788 jubebant

402 3815 539 3894 Eripere,
556 3818 586 3874 et
599 3817 729 3887 stragem
744 3813 917 3874 horribilem
933 3815 1104 3892 caedemque
1119 3817 1230 3890 vereri,

406 3925 502 4000 Atque
517 3923 581 3984 haec
595 3920 654 3982 fixa
670 3921 753 3994 gravi
766 3920 826 3982 1616
841 3939 874 3982 66
888 3920 1014 3982 lundata
1028 3923 1138 3995 166611,

406 4030 441 4090 Ni
455 4034 535 4110 6661,
551 4027 703 4090 excelsum
718 4027 755 4087 ad
770 4028 910 4088 columen
923 4027 1052 4090 16116616
1066 4029 1190 4102 decore,

404 4139 513 4205 Sancta
523 4141 601 4204 lovis
613 4141 725 4224 species
740 4138 836 4202 616166
848 4143 994 4220 spectaret
1006 4141 1038 4204 in
1054 4144 1156 4202 ortus:
