2866 4866
716 435 753 446 ..
781 401 821 462 68
842 439 878 453 .-

292 542 366 614 looa
387 551 527 611 tranans
550 537 777 634 reperiantur.
807 535 858 608 lbi
879 535 1014 634 farrago
1038 535 1217 632 quadam,
1243 561 1312 612 nec
1408 633 1410 636 q

289 685 415 758 magna
431 658 530 731 lides.
552 660 589 728 ln
608 656 715 742 duos,
735 682 798 730 nee
814 658 985 730 immerito
1001 657 1137 742 forsan,
1157 669 1312 756 quatuor

290 785 389 882 graeoi
407 807 529 856 versus
548 782 721 854 contrahit
737 783 875 868 Cicero,
895 807 974 855 cum
991 784 1237 882 prosequitur:

450 982 541 1058 Signa
557 984 640 1044 dedit
658 984 776 1056 nautis,
798 987 855 1042 etc.

335 1171 417 1239 Tres
439 1168 543 1238 etiem
561 1168 739 1240 inferiores
758 1167 921 1238 Arateam
941 1165 1112 1238 luxuriem
1129 1179 1305 1253 coercent,

170 1348 182 1367 ,
286 1290 348 1364 lidi
365 1289 526 1386 quidem,
550 1301 586 1361 at
615 1313 749 1387 graves.
779 1292 818 1360 ln
848 1290 978 1362 caeteris
1007 1289 1164 1384 quamvis
1194 1313 1307 1386 graeco

287 1416 440 1499 densior,
458 1415 566 1486 facilis
578 1425 695 1486 tamen
704 1415 820 1486 Cicero
834 1425 868 1486 et
885 1415 968 1485 satis
981 1412 1073 1486 fidus
1086 1412 1304 1486 obversatur.

285 1541 391 1612 Arato
409 1539 550 1636 quidem
566 1550 705 1637 prestat
718 1541 753 1610 in
769 1540 824 1611 his
841 1537 977 1611 duobus
994 1565 1003 1610 :

404 1733 504 1809 Quem
520 1736 544 1794 si
558 1735 737 1814 prospiciens
752 1735 909 1809 vitaveris,
928 1736 1028 1796 omnia
1044 1739 1131 1796 caute

405 1845 603 1906 Armameuta
615 1843 732 1919 locans,
748 1849 815 1906 tuto
828 1845 929 1905 labere
943 1863 997 1924 per
1010 1844 1116 1918 undas,

288 2050 398 2122 quum
415 2027 537 2098 sintin
553 2049 661 2123 graeco
680 2026 795 2098 minus
815 2037 908 2098 certa
926 2036 961 2096 et
979 2024 1146 2098 delimitat

365 2227 425 2300 Qu
441 2227 561 2308 (nauta)
576 2227 723 2304 siquidem
736 2226 869 2286 obsecuti
885 2224 999 2286 fuerint
1015 2229 1097 2286 certa
1111 2225 1303 2299 significanti,

370 2341 400 2396 et
411 2337 511 2396 statim
523 2333 681 2412 faciliaque
691 2336 792 2395 omnia
806 2339 836 2395 et
847 2337 929 2394 recte
943 2334 1079 2395 ordinata
1089 2333 1232 2408 reddant,

370 2441 450 2502 illico
462 2443 555 2503 levior
566 2446 610 2502 est
623 2442 719 2503 labor.

334 2634 507 2704 Hactenus
525 2629 597 2702 lida
615 2640 771 2714 tantum,
792 2652 913 2724 pressa
931 2639 966 2700 et
985 2627 1154 2726 elegantia
1179 2627 1303 2724 plera-

286 2779 353 2850 que
377 2754 616 2837 laudavimus3
638 2751 745 2823 nobili
767 2759 842 2849 jam
871 2751 1039 2848 dignitate
1068 2752 1249 2848 perspicua
1267 2763 1304 2824 et

286 2881 404 2950 afflatu
422 2877 556 2972 poetico
576 2876 743 2971 spirantia
760 2875 978 2974 colligantur.
1008 2878 1086 2947 Haec
1111 2877 1202 2947 enim
1222 2901 1303 2950 cum

287 3003 384 3073 Arati
411 3003 486 3073 loco
516 2985 714 3086 decertant,
743 3013 804 3074 aut
831 3025 979 3098 graecum
1011 3003 1115 3074 etiam
1140 3027 1302 3100 expresso

286 3131 399 3204 colore
418 3128 604 3200 devincunt
625 3125 673 3222 (1)
691 3152 699 3197 :

366 3330 424 3392 llio
435 3349 498 3392 sese
509 3329 632 3392 infernis
644 3331 681 3391 de
692 3329 828 3410 partibus
838 3331 925 3403 erigit
943 3327 1066 3410 Hydra,

366 3439 513 3519 Praecipiti
523 3439 606 3519 lapsu
624 3440 700 3501 llexo
717 3457 788 3500 cum
802 3457 924 3518 corpore
939 3457 1070 3520 serpens.

364 3548 449 3619 Haec,
469 3551 561 3626 eaput
575 3552 665 3626 atque
683 3547 785 3608 oculos
797 3551 940 3626 torquens
958 3548 996 3609 ad
1017 3551 1103 3622 terga
1120 3547 1231 3628 Nepai,

368 3655 577 3733 Conversoque
595 3657 661 3716 sinu
674 3656 795 3717 subiens
810 3654 927 3717 inferna
943 3655 1070 3730 Leonis,

366 3763 548 3827 Centamum
563 3765 623 3825 leni
643 3767 786 3840 contingit
806 3765 921 3826 lubrica
941 3763 1049 3825 cauda.

366 3873 402 3935 ln
421 3876 578 3953 medioque
595 3875 662 3935 sinu
676 3872 794 3949 fulgens
813 3873 937 3936 Cratera
956 3872 1082 3934 relucet.

366 3979 540 4042 Extremam
555 3983 653 4042 nitens
665 3981 801 4060 plumato
820 3999 943 4060 corpore
963 3979 1078 4041 Corvus

320 4186 356 4256 (t)
372 4188 474 4259 Nohbe,
484 4203 510 4243 v.
526 4192 588 4246 458.
602 4189 708 4258 Aratus,
721 4190 783 4244 443.

745 4407 793 4430 N..
796 4421 801 4426 ,.
