<?xml version="1.0" encoding="UTF-8"?>
<!DOCTYPE html PUBLIC "-//W3C//DTD XHTML 1.0 Transitional//EN"
    "http://www.w3.org/TR/xhtml1/DTD/xhtml1-transitional.dtd">
<html xmlns="http://www.w3.org/1999/xhtml" xml:lang="en" lang="en">
 <head>
  <title>
</title>
<meta http-equiv="Content-Type" content="text/html;charset=utf-8" />
  <meta name='ocr-system' content='tesseract 3.04.00' />
  <meta name='ocr-capabilities' content='ocr_page ocr_carea ocr_par ocr_line ocrx_word'/>
</head>
<body>
  <div class='ocr_page' id='page_1' title='image "./depoeticamtulli01fagugoog_0143.png"; bbox 0 0 2866 4866; ppageno 0'>
   <div class='ocr_carea' id='block_1_1' title="bbox 536 379 716 444">
    <p class='ocr_par' dir='ltr' id='par_1_1' title="bbox 536 379 716 444">
     <span class='ocr_line' id='line_1_1' title="bbox 536 379 716 444; baseline 0 0"><span class='ocrx_word' id='word_1_1' title='bbox 536 379 716 444; x_wconf 80' lang='lat' dir='ltr'>-lea-</span> 
     </span>
    </p>
   </div>
   <div class='ocr_carea' id='block_1_2' title="bbox 2 509 1136 1232">
    <p class='ocr_par' dir='ltr' id='par_1_2' title="bbox 2 509 1136 1232">
     <span class='ocr_line' id='line_1_2' title="bbox 2 509 1133 610; baseline -0.003 -23"><span class='ocrx_word' id='word_1_2' title='bbox 2 547 3 574; x_wconf 76' lang='lat'>1</span> <span class='ocrx_word' id='word_1_3' title='bbox 116 512 262 596; x_wconf 85' lang='lat' dir='ltr'>idoneo,</span> <span class='ocrx_word' id='word_1_4' title='bbox 283 511 374 584; x_wconf 86' lang='lat' dir='ltr'>solet</span> <span class='ocrx_word' id='word_1_5' title='bbox 387 509 546 584; x_wconf 74' lang='lat' dir='ltr'>interdici</span> <span class='ocrx_word' id='word_1_6' title='bbox 574 511 641 608; x_wconf 82' lang='lat'><strong>(1).</strong></span> <span class='ocrx_word' id='word_1_7' title='bbox 666 511 781 584; x_wconf 83' lang='lat' dir='ltr'>Victor</span> <span class='ocrx_word' id='word_1_8' title='bbox 797 511 843 582; x_wconf 87' lang='lat' dir='ltr'>Le</span> <span class='ocrx_word' id='word_1_9' title='bbox 868 509 987 596; x_wconf 74' lang='lat' dir='ltr'>meuc,</span> <span class='ocrx_word' id='word_1_10' title='bbox 1009 511 1133 610; x_wconf 81' lang='lat' dir='ltr'>diguus</span> 
     </span>
     <span class='ocr_line' id='line_1_3' title="bbox 2 627 1131 734; baseline -0.001 -25"><span class='ocrx_word' id='word_1_11' title='bbox 2 627 3 688; x_wconf 70' lang='lat'><em>³</em></span> <span class='ocrx_word' id='word_1_12' title='bbox 114 635 259 734; x_wconf 85' lang='lat' dir='ltr'>quidem</span> <span class='ocrx_word' id='word_1_13' title='bbox 289 655 428 708; x_wconf 84' lang='lat' dir='ltr'>summa</span> <span class='ocrx_word' id='word_1_14' title='bbox 453 636 664 722; x_wconf 79' lang='lat' dir='ltr'>surditiam,</span> <span class='ocrx_word' id='word_1_15' title='bbox 696 629 777 733; x_wconf 85' lang='lat' dir='ltr'>qui,</span> <span class='ocrx_word' id='word_1_16' title='bbox 809 635 1131 722; x_wconf 73' lang='lat' dir='ltr'>omnesomnes,</span> 
     </span>
     <span class='ocr_line' id='line_1_4' title="bbox 2 757 1136 858; baseline 0 -24"><span class='ocrx_word' id='word_1_17' title='bbox 2 771 3 848; x_wconf 62' lang='lat' dir='ltr'>g</span> <span class='ocrx_word' id='word_1_18' title='bbox 116 761 290 834; x_wconf 42' lang='lat' dir='ltr'>xeolushic</span> <span class='ocrx_word' id='word_1_19' title='bbox 318 757 473 834; x_wconf 91' lang='lat' dir='ltr'>omnium</span> <span class='ocrx_word' id='word_1_20' title='bbox 497 763 669 834; x_wconf 88' lang='lat' dir='ltr'>Ciceronis</span> <span class='ocrx_word' id='word_1_21' title='bbox 693 763 919 858; x_wconf 74' lang='lat' dir='ltr'>interpretum</span> <span class='ocrx_word' id='word_1_22' title='bbox 936 761 1136 857; x_wconf 83' lang='lat' dir='ltr'>pertaede-</span> 
     </span>
     <span class='ocr_line' id='line_1_5' title="bbox 2 883 1136 984; baseline 0.001 -25"><span class='ocrx_word' id='word_1_23' title='bbox 2 927 3 930; x_wconf 26' lang='lat'>¹</span> <span class='ocrx_word' id='word_1_24' title='bbox 116 883 394 972; x_wconf 64' lang='lat' dir='ltr'>montemedio</span> <span class='ocrx_word' id='word_1_25' title='bbox 419 887 551 960; x_wconf 88' lang='lat' dir='ltr'>consilii</span> <span class='ocrx_word' id='word_1_26' title='bbox 575 889 632 960; x_wconf 84' lang='lat' dir='ltr'>vlu</span> <span class='ocrx_word' id='word_1_27' title='bbox 654 888 852 984; x_wconf 79' lang='lat' dir='ltr'>sapientior,</span> <span class='ocrx_word' id='word_1_28' title='bbox 873 906 986 984; x_wconf 87' lang='lat' dir='ltr'>neque</span> <span class='ocrx_word' id='word_1_29' title='bbox 1005 885 1136 960; x_wconf 83' lang='lat' dir='ltr'>Cicero·</span> 
     </span>
     <span class='ocr_line' id='line_1_6' title="bbox 117 1005 1136 1108; baseline -0.003 -24"><span class='ocrx_word' id='word_1_30' title='bbox 117 1031 199 1084; x_wconf 90' lang='lat' dir='ltr'>nem</span> <span class='ocrx_word' id='word_1_31' title='bbox 218 1007 325 1084; x_wconf 86' lang='lat' dir='ltr'>altius</span> <span class='ocrx_word' id='word_1_32' title='bbox 351 1007 470 1097; x_wconf 82' lang='lat' dir='ltr'>effert,</span> <span class='ocrx_word' id='word_1_33' title='bbox 490 1031 602 1108; x_wconf 88' lang='lat' dir='ltr'>neque</span> <span class='ocrx_word' id='word_1_34' title='bbox 625 1011 670 1083; x_wconf 89' lang='lat' dir='ltr'>de</span> <span class='ocrx_word' id='word_1_35' title='bbox 690 1005 782 1082; x_wconf 85' lang='lat' dir='ltr'>illius</span> <span class='ocrx_word' id='word_1_36' title='bbox 807 1011 930 1082; x_wconf 83' lang='lat' dir='ltr'>merita</span> <span class='ocrx_word' id='word_1_37' title='bbox 951 1009 1055 1082; x_wconf 87' lang='lat' dir='ltr'>leude</span> <span class='ocrx_word' id='word_1_38' title='bbox 1069 1009 1136 1082; x_wconf 78' lang='lat' dir='ltr'>de-</span> 
     </span>
     <span class='ocr_line' id='line_1_7' title="bbox 117 1131 1135 1232; baseline -0.002 -24"><span class='ocrx_word' id='word_1_39' title='bbox 117 1131 251 1208; x_wconf 87' lang='lat' dir='ltr'>trahit:</span> <span class='ocrx_word' id='word_1_40' title='bbox 272 1134 532 1219; x_wconf 72' lang='lat' dir='ltr'><strong>«Adolescens,</strong></span> <span class='ocrx_word' id='word_1_41' title='bbox 546 1135 676 1232; x_wconf 89' lang='lat' dir='ltr'>inquit,</span> <span class='ocrx_word' id='word_1_42' title='bbox 690 1136 727 1206; x_wconf 87' lang='lat' dir='ltr'>in</span> <span class='ocrx_word' id='word_1_43' title='bbox 740 1135 835 1232; x_wconf 86' lang='lat' dir='ltr'>poesi</span> <span class='ocrx_word' id='word_1_44' title='bbox 849 1135 967 1207; x_wconf 86' lang='lat' dir='ltr'>Cicero</span> <span class='ocrx_word' id='word_1_45' title='bbox 979 1146 1135 1206; x_wconf 79' lang='lat' dir='ltr'>romaum</span> 
     </span>
    </p>
   </div>
   <div class='ocr_carea' id='block_1_3' title="bbox 4 1260 1137 3938">
    <p class='ocr_par' dir='ltr' id='par_1_3' title="bbox 4 1260 1137 2473">
     <span class='ocr_line' id='line_1_8' title="bbox 117 1260 1135 1359; baseline -0.001 -26"><span class='ocrx_word' id='word_1_46' title='bbox 117 1272 192 1346; x_wconf 87' lang='lat' dir='ltr'>est,</span> <span class='ocrx_word' id='word_1_47' title='bbox 215 1280 287 1358; x_wconf 84' lang='lat' dir='ltr'>que</span> <span class='ocrx_word' id='word_1_48' title='bbox 302 1279 405 1332; x_wconf 87' lang='lat' dir='ltr'>suum</span> <span class='ocrx_word' id='word_1_49' title='bbox 429 1261 606 1359; x_wconf 78' lang='lat' dir='ltr'>ingenium</span> <span class='ocrx_word' id='word_1_50' title='bbox 630 1272 814 1332; x_wconf 75' lang='lat' dir='ltr'>exemeret.</span> <span class='ocrx_word' id='word_1_51' title='bbox 837 1263 913 1332; x_wconf 88' lang='lat' dir='ltr'>Jam</span> <span class='ocrx_word' id='word_1_52' title='bbox 932 1260 1032 1332; x_wconf 88' lang='lat' dir='ltr'>annis</span> <span class='ocrx_word' id='word_1_53' title='bbox 1049 1279 1135 1356; x_wconf 55' lang='lat' dir='ltr'>prou</span> 
     </span>
     <span class='ocr_line' id='line_1_9' title="bbox 116 1381 1135 1482; baseline -0.002 -26"><span class='ocrx_word' id='word_1_54' title='bbox 116 1395 249 1471; x_wconf 75' lang='lat' dir='ltr'>venus,</span> <span class='ocrx_word' id='word_1_55' title='bbox 270 1386 403 1482; x_wconf 84' lang='lat' dir='ltr'>epocsi</span> <span class='ocrx_word' id='word_1_56' title='bbox 419 1381 506 1456; x_wconf 90' lang='lat' dir='ltr'>nihil</span> <span class='ocrx_word' id='word_1_57' title='bbox 520 1383 614 1457; x_wconf 86' lang='lat' dir='ltr'>eliud</span> <span class='ocrx_word' id='word_1_58' title='bbox 635 1405 739 1482; x_wconf 87' lang='lat' dir='ltr'>quam</span> <span class='ocrx_word' id='word_1_59' title='bbox 751 1383 1012 1456; x_wconf 75' lang='lat' dir='ltr'>delectationem</span> <span class='ocrx_word' id='word_1_60' title='bbox 1027 1385 1135 1480; x_wconf 84' lang='lat' dir='ltr'>panci-</span> 
     </span>
     <span class='ocr_line' id='line_1_10' title="bbox 117 1503 1135 1605; baseline -0.002 -27"><span class='ocrx_word' id='word_1_61' title='bbox 117 1525 201 1603; x_wconf 89' lang='lat' dir='ltr'>pere</span> <span class='ocrx_word' id='word_1_62' title='bbox 228 1505 375 1578; x_wconf 84' lang='lat' dir='ltr'>studuit.</span> <span class='ocrx_word' id='word_1_63' title='bbox 395 1509 563 1605; x_wconf 88' lang='lat' dir='ltr'>lnjurium</span> <span class='ocrx_word' id='word_1_64' title='bbox 583 1503 689 1604; x_wconf 84' lang='lat' dir='ltr'>igitur</span> <span class='ocrx_word' id='word_1_65' title='bbox 713 1503 807 1579; x_wconf 81' lang='lat' dir='ltr'>esset</span> <span class='ocrx_word' id='word_1_66' title='bbox 825 1507 1000 1580; x_wconf 76' lang='lat' dir='ltr'>Ciceronis</span> <span class='ocrx_word' id='word_1_67' title='bbox 1015 1526 1135 1580; x_wconf 81' lang='lat' dir='ltr'>versuo</span> 
     </span>
     <span class='ocr_line' id='line_1_11' title="bbox 117 1625 1134 1725; baseline 0 -25"><span class='ocrx_word' id='word_1_68' title='bbox 117 1650 200 1700; x_wconf 87' lang='lat' dir='ltr'>cum</span> <span class='ocrx_word' id='word_1_69' title='bbox 224 1629 424 1725; x_wconf 81' lang='lat' dir='ltr'>posterioris</span> <span class='ocrx_word' id='word_1_70' title='bbox 441 1630 550 1700; x_wconf 82' lang='lat' dir='ltr'>atatis</span> <span class='ocrx_word' id='word_1_71' title='bbox 575 1625 784 1701; x_wconf 81' lang='lat' dir='ltr'>carinimhus</span> <span class='ocrx_word' id='word_1_72' title='bbox 802 1647 1021 1725; x_wconf 86' lang='lat' dir='ltr'>componere.</span> <span class='ocrx_word' id='word_1_73' title='bbox 1041 1627 1134 1701; x_wconf 86' lang='lat' dir='ltr'>Scire</span> 
     </span>
     <span class='ocr_line' id='line_1_12' title="bbox 118 1751 1136 1850; baseline 0 -26"><span class='ocrx_word' id='word_1_74' title='bbox 118 1763 258 1824; x_wconf 83' lang='lat' dir='ltr'>tentum</span> <span class='ocrx_word' id='word_1_75' title='bbox 274 1753 425 1850; x_wconf 87' lang='lat' dir='ltr'>expedit,</span> <span class='ocrx_word' id='word_1_76' title='bbox 444 1753 556 1840; x_wconf 89' lang='lat' dir='ltr'>illum,</span> <span class='ocrx_word' id='word_1_77' title='bbox 572 1762 659 1826; x_wconf 87' lang='lat' dir='ltr'>teate</span> <span class='ocrx_word' id='word_1_78' title='bbox 673 1751 867 1838; x_wconf 78' lang='lat' dir='ltr'>Plutarcho,</span> <span class='ocrx_word' id='word_1_79' title='bbox 885 1765 924 1826; x_wconf 85' lang='lat' dir='ltr'>ut</span> <span class='ocrx_word' id='word_1_80' title='bbox 937 1751 990 1826; x_wconf 87' lang='lat' dir='ltr'>aui</span> <span class='ocrx_word' id='word_1_81' title='bbox 1005 1765 1136 1850; x_wconf 87' lang='lat' dir='ltr'>tempo·</span> 
     </span>
     <span class='ocr_line' id='line_1_13' title="bbox 4 1858 1135 1976; baseline 0 -26"><span class='ocrx_word' id='word_1_82' title='bbox 4 1931 8 1938; x_wconf 85' lang='lat'><em>-</em></span> <span class='ocrx_word' id='word_1_83' title='bbox 120 1878 511 1974; x_wconf 73' lang='lat' dir='ltr'>rie&#39;pnestentissimum</span> <span class='ocrx_word' id='word_1_84' title='bbox 529 1858 722 1963; x_wconf 83' lang='lat' dir='ltr'>oratorem,</span> <span class='ocrx_word' id='word_1_85' title='bbox 742 1879 791 1950; x_wconf 90' lang='lat' dir='ltr'>sic</span> <span class='ocrx_word' id='word_1_86' title='bbox 809 1879 978 1974; x_wconf 87' lang='lat' dir='ltr'>optimum</span> <span class='ocrx_word' id='word_1_87' title='bbox 997 1892 1135 1976; x_wconf 84' lang='lat' dir='ltr'>poetam</span> 
     </span>
     <span class='ocr_line' id='line_1_14' title="bbox 120 1998 1133 2096; baseline 0.002 -25"><span class='ocrx_word' id='word_1_88' title='bbox 120 1999 281 2071; x_wconf 88' lang='lat' dir='ltr'>habitum</span> <span class='ocrx_word' id='word_1_89' title='bbox 296 1999 415 2070; x_wconf 85' lang='lat' dir='ltr'>fuisse.</span> <span class='ocrx_word' id='word_1_90' title='bbox 435 1998 552 2070; x_wconf 86' lang='lat' dir='ltr'>Multis</span> <span class='ocrx_word' id='word_1_91' title='bbox 569 1998 669 2084; x_wconf 90' lang='lat' dir='ltr'>licet,</span> <span class='ocrx_word' id='word_1_92' title='bbox 689 2019 763 2096; x_wconf 75' lang='lat' dir='ltr'>quat</span> <span class='ocrx_word' id='word_1_93' title='bbox 777 2019 868 2071; x_wconf 89' lang='lat' dir='ltr'>nunc</span> <span class='ocrx_word' id='word_1_94' title='bbox 882 1999 1133 2086; x_wconf 73' lang='lat' dir='ltr'>desiderantum</span> 
     </span>
     <span class='ocr_line' id='line_1_15' title="bbox 120 2123 1137 2221; baseline 0.001 -25"><span class='ocrx_word' id='word_1_95' title='bbox 120 2125 292 2221; x_wconf 87' lang='lat' dir='ltr'>poematis</span> <span class='ocrx_word' id='word_1_96' title='bbox 314 2123 374 2194; x_wconf 88' lang='lat' dir='ltr'>illa</span> <span class='ocrx_word' id='word_1_97' title='bbox 396 2124 567 2196; x_wconf 87' lang='lat' dir='ltr'>sententia</span> <span class='ocrx_word' id='word_1_98' title='bbox 593 2123 737 2196; x_wconf 88' lang='lat' dir='ltr'>fortasse</span> <span class='ocrx_word' id='word_1_99' title='bbox 764 2124 947 2209; x_wconf 84' lang='lat' dir='ltr'>niteretur,</span> <span class='ocrx_word' id='word_1_100' title='bbox 978 2123 1053 2196; x_wconf 90' lang='lat' dir='ltr'>fieri</span> <span class='ocrx_word' id='word_1_101' title='bbox 1073 2137 1137 2197; x_wconf 76' lang='lat' dir='ltr'>,ta-</span> 
     </span>
     <span class='ocr_line' id='line_1_16' title="bbox 122 2247 1136 2348; baseline 0.001 -27"><span class='ocrx_word' id='word_1_102' title='bbox 122 2274 205 2321; x_wconf 90' lang='lat' dir='ltr'>men</span> <span class='ocrx_word' id='word_1_103' title='bbox 221 2259 358 2346; x_wconf 87' lang='lat' dir='ltr'>potest‚</span> <span class='ocrx_word' id='word_1_104' title='bbox 384 2259 423 2319; x_wconf 89' lang='lat' dir='ltr'>ut</span> <span class='ocrx_word' id='word_1_105' title='bbox 443 2249 485 2319; x_wconf 92' lang='lat' dir='ltr'>iis</span> <span class='ocrx_word' id='word_1_106' title='bbox 505 2271 581 2344; x_wconf 73' lang='lat' dir='ltr'>quae</span> <span class='ocrx_word' id='word_1_107' title='bbox 597 2259 805 2344; x_wconf 82' lang='lat' dir='ltr'>supersunt,</span> <span class='ocrx_word' id='word_1_108' title='bbox 829 2249 858 2320; x_wconf 89' lang='lat' dir='ltr'>si</span> <span class='ocrx_word' id='word_1_109' title='bbox 875 2247 1020 2334; x_wconf 82' lang='lat' dir='ltr'>candide</span> <span class='ocrx_word' id='word_1_110' title='bbox 1035 2249 1136 2348; x_wconf 87' lang='lat' dir='ltr'>judi-</span> 
     </span>
     <span class='ocr_line' id='line_1_17' title="bbox 120 2372 1073 2473; baseline -0.002 -27"><span class='ocrx_word' id='word_1_111' title='bbox 120 2384 200 2446; x_wconf 84' lang='lat' dir='ltr'>cata</span> <span class='ocrx_word' id='word_1_112' title='bbox 215 2373 361 2458; x_wconf 85' lang='lat' dir='ltr'>fuerint,</span> <span class='ocrx_word' id='word_1_113' title='bbox 383 2372 555 2444; x_wconf 76' lang='lat' dir='ltr'>Plutarchi</span> <span class='ocrx_word' id='word_1_114' title='bbox 570 2373 657 2446; x_wconf 83' lang='lat' dir='ltr'>[ides</span> <span class='ocrx_word' id='word_1_115' title='bbox 675 2398 745 2446; x_wconf 91' lang='lat' dir='ltr'>non</span> <span class='ocrx_word' id='word_1_116' title='bbox 761 2375 954 2472; x_wconf 81' lang='lat' dir='ltr'>resignetur</span> <span class='ocrx_word' id='word_1_117' title='bbox 974 2374 1038 2473; x_wconf 73' lang='lat'><strong>(2).</strong></span> <span class='ocrx_word' id='word_1_118' title='bbox 1056 2405 1073 2444; x_wconf 77' lang='lat' dir='ltr'>t</span> 
     </span>
    </p>

    <p class='ocr_par' dir='ltr' id='par_1_4' title="bbox 120 2498 1137 3440">
     <span class='ocr_line' id='line_1_18' title="bbox 169 2498 1136 2593; baseline 0.002 -23"><span class='ocrx_word' id='word_1_119' title='bbox 169 2500 334 2570; x_wconf 87' lang='lat' dir='ltr'>Veterum</span> <span class='ocrx_word' id='word_1_120' title='bbox 360 2507 394 2570; x_wconf 90' lang='lat' dir='ltr'>et</span> <span class='ocrx_word' id='word_1_121' title='bbox 418 2498 647 2569; x_wconf 80' lang='lat' dir='ltr'>recentiorum</span> <span class='ocrx_word' id='word_1_122' title='bbox 669 2498 712 2570; x_wconf 92' lang='lat' dir='ltr'>de</span> <span class='ocrx_word' id='word_1_123' title='bbox 735 2499 894 2569; x_wconf 86' lang='lat' dir='ltr'>Cicerone</span> <span class='ocrx_word' id='word_1_124' title='bbox 911 2510 1012 2593; x_wconf 89' lang='lat' dir='ltr'>poeta</span> <span class='ocrx_word' id='word_1_125' title='bbox 1034 2502 1136 2572; x_wconf 89' lang='lat' dir='ltr'>testi-</span> 
     </span>
     <span class='ocr_line' id='line_1_19' title="bbox 121 2621 1135 2720; baseline 0.001 -26"><span class='ocrx_word' id='word_1_126' title='bbox 121 2623 242 2694; x_wconf 87' lang='lat' dir='ltr'>monie</span> <span class='ocrx_word' id='word_1_127' title='bbox 264 2623 409 2696; x_wconf 90' lang='lat' dir='ltr'>strictim</span> <span class='ocrx_word' id='word_1_128' title='bbox 426 2621 614 2720; x_wconf 80' lang='lat' dir='ltr'>attigimus.</span> <span class='ocrx_word' id='word_1_129' title='bbox 635 2621 718 2704; x_wconf 82' lang='lat' dir='ltr'>Quae</span> <span class='ocrx_word' id='word_1_130' title='bbox 737 2621 785 2691; x_wconf 89' lang='lat' dir='ltr'>sic</span> <span class='ocrx_word' id='word_1_131' title='bbox 802 2643 976 2692; x_wconf 88' lang='lat' dir='ltr'>resumere</span> <span class='ocrx_word' id='word_1_132' title='bbox 995 2645 1135 2695; x_wconf 90' lang='lat' dir='ltr'>consen-</span> 
     </span>
     <span class='ocr_line' id='line_1_20' title="bbox 120 2747 1132 2842; baseline 0 -22"><span class='ocrx_word' id='word_1_133' title='bbox 120 2760 264 2821; x_wconf 91' lang='lat' dir='ltr'>taneum</span> <span class='ocrx_word' id='word_1_134' title='bbox 286 2759 366 2820; x_wconf 89' lang='lat' dir='ltr'>cst:</span> <span class='ocrx_word' id='word_1_135' title='bbox 389 2772 452 2819; x_wconf 88' lang='lat' dir='ltr'>sua</span> <span class='ocrx_word' id='word_1_136' title='bbox 474 2747 671 2819; x_wconf 88' lang='lat' dir='ltr'>Ciceronem</span> <span class='ocrx_word' id='word_1_137' title='bbox 696 2756 778 2818; x_wconf 84' lang='lat' dir='ltr'>aetas</span> <span class='ocrx_word' id='word_1_138' title='bbox 803 2756 940 2842; x_wconf 87' lang='lat' dir='ltr'>poetam</span> <span class='ocrx_word' id='word_1_139' title='bbox 958 2771 1028 2818; x_wconf 89' lang='lat' dir='ltr'>una</span> <span class='ocrx_word' id='word_1_140' title='bbox 1050 2773 1132 2820; x_wconf 88' lang='lat' dir='ltr'>voce</span> 
     </span>
     <span class='ocr_line' id='line_1_21' title="bbox 120 2872 1136 2969; baseline 0.001 -24"><span class='ocrx_word' id='word_1_141' title='bbox 120 2875 193 2946; x_wconf 83' lang='lat' dir='ltr'>sere</span> <span class='ocrx_word' id='word_1_142' title='bbox 211 2873 393 2958; x_wconf 83' lang='lat' dir='ltr'>salutavit,</span> <span class='ocrx_word' id='word_1_143' title='bbox 413 2895 561 2969; x_wconf 90' lang='lat' dir='ltr'>sequens</span> <span class='ocrx_word' id='word_1_144' title='bbox 579 2872 798 2968; x_wconf 68' lang='lat' dir='ltr'>pretermisit</span> <span class='ocrx_word' id='word_1_145' title='bbox 815 2873 1008 2945; x_wconf 89' lang='lat' dir='ltr'>immemor.</span> <span class='ocrx_word' id='word_1_146' title='bbox 1032 2875 1136 2958; x_wconf 89' lang='lat' dir='ltr'>Quin-</span> 
     </span>
     <span class='ocr_line' id='line_1_22' title="bbox 123 2996 1137 3099; baseline 0 -29"><span class='ocrx_word' id='word_1_147' title='bbox 123 2999 235 3070; x_wconf 83' lang='lat' dir='ltr'>tiliani</span> <span class='ocrx_word' id='word_1_148' title='bbox 254 3009 288 3069; x_wconf 89' lang='lat' dir='ltr'>et</span> <span class='ocrx_word' id='word_1_149' title='bbox 308 2997 413 3068; x_wconf 89' lang='lat' dir='ltr'>Taciti</span> <span class='ocrx_word' id='word_1_150' title='bbox 435 2997 646 3094; x_wconf 86' lang='lat' dir='ltr'>temporibus</span> <span class='ocrx_word' id='word_1_151' title='bbox 661 3021 713 3099; x_wconf 77' lang='lat' dir='ltr'>,a</span> <span class='ocrx_word' id='word_1_152' title='bbox 732 2996 905 3069; x_wconf 89' lang='lat' dir='ltr'>nonnullis</span> <span class='ocrx_word' id='word_1_153' title='bbox 931 2997 1051 3070; x_wconf 87' lang='lat' dir='ltr'>timide</span> <span class='ocrx_word' id='word_1_154' title='bbox 1070 2997 1137 3070; x_wconf 91' lang='lat' dir='ltr'>de·-</span> 
     </span>
     <span class='ocr_line' id='line_1_23' title="bbox 122 3119 1133 3216; baseline -0.002 -22"><span class='ocrx_word' id='word_1_155' title='bbox 122 3123 263 3206; x_wconf 85' lang='lat' dir='ltr'>iensus,</span> <span class='ocrx_word' id='word_1_156' title='bbox 290 3121 413 3192; x_wconf 87' lang='lat' dir='ltr'>acriter</span> <span class='ocrx_word' id='word_1_157' title='bbox 429 3143 450 3190; x_wconf 88' lang='lat' dir='ltr'>a</span> <span class='ocrx_word' id='word_1_158' title='bbox 467 3120 640 3216; x_wconf 88' lang='lat' dir='ltr'>plerisque</span> <span class='ocrx_word' id='word_1_159' title='bbox 665 3121 781 3192; x_wconf 88' lang='lat' dir='ltr'>Cicero</span> <span class='ocrx_word' id='word_1_160' title='bbox 800 3119 990 3192; x_wconf 88' lang='lat' dir='ltr'>lacessitur.</span> <span class='ocrx_word' id='word_1_161' title='bbox 1014 3123 1133 3206; x_wconf 89' lang='lat' dir='ltr'>Unus,</span> 
     </span>
     <span class='ocr_line' id='line_1_24' title="bbox 122 3241 1135 3344; baseline 0.004 -29"><span class='ocrx_word' id='word_1_162' title='bbox 122 3267 257 3343; x_wconf 81' lang='lat' dir='ltr'>graecus</span> <span class='ocrx_word' id='word_1_163' title='bbox 292 3241 456 3338; x_wconf 83' lang='lat' dir='ltr'>quidem,</span> <span class='ocrx_word' id='word_1_164' title='bbox 492 3266 629 3315; x_wconf 86' lang='lat' dir='ltr'>musam</span> <span class='ocrx_word' id='word_1_165' title='bbox 661 3243 852 3314; x_wconf 86' lang='lat' dir='ltr'>Tullianam</span> <span class='ocrx_word' id='word_1_166' title='bbox 884 3267 905 3314; x_wconf 83' lang='lat' dir='ltr'>e</span> <span class='ocrx_word' id='word_1_167' title='bbox 939 3258 1135 3344; x_wconf 88' lang='lat' dir='ltr'>contemptu</span> 
     </span>
     <span class='ocr_line' id='line_1_25' title="bbox 123 3367 290 3440; baseline -0.024 0"><span class='ocrx_word' id='word_1_168' title='bbox 123 3367 290 3440; x_wconf 84' lang='lat' dir='ltr'>vindicat.</span> 
     </span>
    </p>

    <p class='ocr_par' dir='ltr' id='par_1_5' title="bbox 123 3487 1137 3938">
     <span class='ocr_line' id='line_1_26' title="bbox 174 3487 1136 3588; baseline 0.004 -26"><span class='ocrx_word' id='word_1_169' title='bbox 174 3491 305 3563; x_wconf 85' lang='lat' dir='ltr'>Saeculo</span> <span class='ocrx_word' id='word_1_170' title='bbox 320 3500 415 3562; x_wconf 81' lang='lat' dir='ltr'>sento</span> <span class='ocrx_word' id='word_1_171' title='bbox 431 3487 563 3562; x_wconf 88' lang='lat' dir='ltr'>decimo</span> <span class='ocrx_word' id='word_1_172' title='bbox 582 3489 657 3562; x_wconf 87' lang='lat' dir='ltr'>laus</span> <span class='ocrx_word' id='word_1_173' title='bbox 676 3491 801 3563; x_wconf 88' lang='lat' dir='ltr'>iterum</span> <span class='ocrx_word' id='word_1_174' title='bbox 815 3493 947 3588; x_wconf 87' lang='lat' dir='ltr'>poetica</span> <span class='ocrx_word' id='word_1_175' title='bbox 966 3495 1136 3566; x_wconf 86' lang='lat' dir='ltr'>Ciceronis</span> 
     </span>
     <span class='ocr_line' id='line_1_27' title="bbox 124 3613 1136 3713; baseline 0.001 -25"><span class='ocrx_word' id='word_1_176' title='bbox 124 3639 322 3713; x_wconf 81' lang='lat' dir='ltr'>emergere3</span> <span class='ocrx_word' id='word_1_177' title='bbox 345 3625 462 3687; x_wconf 87' lang='lat' dir='ltr'>octavo</span> <span class='ocrx_word' id='word_1_178' title='bbox 484 3613 635 3700; x_wconf 89' lang='lat' dir='ltr'>decimo,</span> <span class='ocrx_word' id='word_1_179' title='bbox 655 3639 775 3687; x_wconf 88' lang='lat' dir='ltr'>rursus</span> <span class='ocrx_word' id='word_1_180' title='bbox 795 3617 898 3689; x_wconf 80' lang='lat' dir='ltr'>variis</span> <span class='ocrx_word' id='word_1_181' title='bbox 920 3617 1136 3712; x_wconf 82' lang='lat' dir='ltr'>opinionibus</span> 
     </span>
     <span class='ocr_line' id='line_1_28' title="bbox 123 3739 1137 3836; baseline -0.001 -22"><span class='ocrx_word' id='word_1_182' title='bbox 123 3739 333 3825; x_wconf 85' lang='lat' dir='ltr'>conflictari;</span> <span class='ocrx_word' id='word_1_183' title='bbox 350 3739 475 3812; x_wconf 85' lang='lat' dir='ltr'>nostris</span> <span class='ocrx_word' id='word_1_184' title='bbox 488 3762 569 3811; x_wconf 86' lang='lat' dir='ltr'>vero</span> <span class='ocrx_word' id='word_1_185' title='bbox 584 3739 794 3836; x_wconf 87' lang='lat' dir='ltr'>temporibus</span> <span class='ocrx_word' id='word_1_186' title='bbox 808 3742 844 3813; x_wconf 92' lang='lat' dir='ltr'>in</span> <span class='ocrx_word' id='word_1_187' title='bbox 858 3742 984 3814; x_wconf 90' lang='lat' dir='ltr'>tutiora</span> <span class='ocrx_word' id='word_1_188' title='bbox 998 3743 1137 3814; x_wconf 88' lang='lat' dir='ltr'>tandem</span> 
     </span>
     <span class='ocr_line' id='line_1_29' title="bbox 125 3865 286 3938; baseline -0.012 0"><span class='ocrx_word' id='word_1_189' title='bbox 125 3865 286 3938; x_wconf 85' lang='lat' dir='ltr'>evadere.</span> 
     </span>
    </p>
   </div>
   <div class='ocr_carea' id='block_1_4' title="bbox 164 4035 685 4210">
    <p class='ocr_par' dir='ltr' id='par_1_6' title="bbox 164 4035 685 4210">
     <span class='ocr_line' id='line_1_30' title="bbox 165 4035 446 4109; baseline -0.007 -15"><span class='ocrx_word' id='word_1_190' title='bbox 165 4043 202 4109; x_wconf 80' lang='grc'>(1)</span> <span class='ocrx_word' id='word_1_191' title='bbox 221 4038 269 4096; x_wconf 85' lang='lat' dir='ltr'>vie</span> <span class='ocrx_word' id='word_1_192' title='bbox 282 4038 316 4094; x_wconf 88' lang='lat' dir='ltr'>de</span> <span class='ocrx_word' id='word_1_193' title='bbox 329 4035 446 4094; x_wconf 77' lang='lat' dir='ltr'>ciceron.</span> 
     </span>
     <span class='ocr_line' id='line_1_31' title="bbox 164 4136 685 4210; baseline -0.01 -13"><span class='ocrx_word' id='word_1_194' title='bbox 164 4141 201 4210; x_wconf 76' lang='grc'>11)</span> <span class='ocrx_word' id='word_1_195' title='bbox 220 4136 448 4206; x_wconf 70' lang='grc'><strong>1111111111,</strong></span> <span class='ocrx_word' id='word_1_196' title='bbox 465 4136 518 4194; x_wconf 83' lang='lat' dir='ltr'>vol.</span> <span class='ocrx_word' id='word_1_197' title='bbox 534 4140 583 4207; x_wconf 81' lang='grc'>31,</span> <span class='ocrx_word' id='word_1_198' title='bbox 598 4149 625 4206; x_wconf 89' lang='lat' dir='ltr'>p.</span> <span class='ocrx_word' id='word_1_199' title='bbox 641 4138 685 4192; x_wconf 84' lang='grc'>11.</span> 
     </span>
    </p>
   </div>
   <div class='ocr_carea' id='block_1_5' title="bbox 0 0 1447 4866">
    <p class='ocr_par' dir='ltr' id='par_1_7' title="bbox 0 0 1447 4866">
     <span class='ocr_line' id='line_1_32' title="bbox 0 0 1447 4866; baseline 0 0"><span class='ocrx_word' id='word_1_200' title='bbox 0 0 1447 4866; x_wconf 95' lang='lat' dir='ltr'> </span> 
     </span>
    </p>
   </div>
  </div>
 </body>
</html>
