2866 4866
552 436 592 448 -
615 405 669 464 lat
687 410 734 452 ''-=

133 529 232 604 lacile
256 531 495 618 crederemus,
519 558 628 630 quum
645 537 684 608 in
696 549 874 611 oratorum
886 537 1024 638 dialogo
1047 563 1151 638 repc-

133 657 269 728 riatur:
296 658 500 732 «Fecerunt
525 661 651 734 Brutus
666 671 721 734 el¹
739 665 852 736 Cesar
877 665 1055 750 carmine,
1080 683 1154 738 non

133 779 257 854 melius
275 804 381 877 quam
403 783 542 868 Cicero,
563 784 625 857 sed
649 785 802 872 felicius,
823 788 906 883 quia
918 787 1004 860 illos
1029 789 1151 860 iecisse

132 907 492 1002 paucioressoiunt.s¹
1100 918 1102 924 '

181 1033 258 1128 lpse
278 1031 510 1116 Quintilianus
530 1035 684 1106 carmina
698 1035 870 1108 Ciceronis
888 1049 949 1109 aut
966 1038 1151 1110 miseratur

132 1165 193 1226 aut
210 1175 375 1228 excusare
397 1157 578 1230 contendit
593 1158 658 1255 il).
683 1159 858 1232 luvenalis
878 1159 926 1258 (2)
951 1173 985 1234 et
1002 1163 1150 1234 Martia-

132 1279 244 1378 lisll)
256 1335 266 1364 ‚
280 1289 328 1353 'ut
344 1292 423 1377 pote
443 1283 502 1378 qui
520 1282 699 1356 deridendi
718 1287 829 1382 magis
847 1306 953 1382 quam
971 1287 1009 1358 in
1034 1287 1150 1383 aliquo

132 1404 429 1502 dolendicaptent
444 1409 679 1492 occasionem,
701 1410 774 1481 sinc
792 1409 864 1482 ulla
880 1409 1066 1484 uerborum
1085 1413 1150 1484 cic·

132 1530 282 1602 coitione
295 1555 310 1614 ‚·
322 1531 519 1604 Ciceronem
538 1543 677 1628 poetam
693 1533 905 1632 discerpunt.

180 1657 296 1740 Quum
312 1657 419 1754 igitur
434 1663 555 1731 omnes
564 1659 640 1730 vlere
654 1661 800 1732 Romani
812 1659 976 1733 videntur
990 1670 1148 1732 auctores

130 1782 303 1854 Ciceronis
331 1805 453 1854 versus
481 1781 639 1855 deserere
666 1795 700 1855 et
729 1784 899 1880 prodere,
927 1809 971 1858 en
1001 1787 1149 1858 occurrit

130 1925 262 2004 graecus
287 1907 348 2004 qui
370 1907 515 1979 oratoris
538 1930 645 1980 musa
670 1901 994 2008 patrocinetur'(l).
1024 1915 1147 1984 Secum

129 2033 274 2106 fortasse
304 2044 441 2130 reputet
474 2057 542 2130 quo
578 2033 660 2106 felix
691 2035 784 2106 exitu
816 2036 932 2108 Cicero
962 2035 1072 2107 multa
1100 2037 1148 2108 de

129 2159 254 2230 Graecis
266 2157 494 2242 transtulerit,
509 2168 544 2229 et
555 2161 653 2256 grato
665 2159 879 2256 memorique
892 2159 1008 2232 animo
1020 2167 1147 2232 nostrae

130 2285 309 2356 sententiae'
322 2283 450 2382 justior
467 2282 662 2355 auxiliatur.

178 2408 298 2482 Saeculi
315 2409 401 2480 sexti
419 2407 542 2480 decimi
567 2410 773 2480 sententiam
795 2408 838 2480 de
855 2409 1028 2480 Ciceronis
1051 2411 1147 2505 poesi

127 2529 183 2602 vel
211 2531 304 2604 solus
322 2523 420 2604 Joan.
448 2533 621 2602 Ferrerius
649 2532 842 2628 significare
860 2541 997 2626 potest,
1019 2533 1146 2628 quippe

129 2653 204 2750 qui,
219 2676 327 2750 quum
342 2665 499 2726 veterum
511 2653 689 2750 pleraque,
705 2663 780 2725 tum
799 2675 940 2726 suorum
953 2655 1144 2750 'equalium

127 2777 299 2874 praecipua
315 2777 512 2850 testimonia
524 2788 699 2875 congerat.
715 2779 825 2876 Hujus
843 2777 1017 2849 acerrimae
1030 2776 1146 2850 delen-

128 2903 235 2976 sicnis
270 2914 473 3000 argumenta
506 2901 664 3002 colligere
691 2926 783 2976 nunc
812 2903 912 2976 nobis
933 2927 1003 2976 non
1030 2916 1141 2978 vacat.

127 3027 288 3100 Auctoris
304 3028 518 3124 propositum
535 3036 569 3099 et
585 3025 763 3098 urbanitas
782 3026 836 3099 vel
853 3027 908 3100 his
926 3029 1082 3102 versibus
1101 3034 1145 3102 od

127 3155 266 3224 lectorem
283 3152 368 3224 satis
384 3155 530 3248 patent:

248 3337 317 3400 Huc
330 3337 415 3412 adeS,
431 3339 531 3401 invitis
547 3358 668 3402 carmen
681 3343 732 3419 qui
747 3339 873 3401 scribere
887 3343 979 3403 musis

288 3428 415 3510 Romani
433 3450 560 3527 eloquii,
579 3450 688 3524 credis,
705 3452 823 3530 inepte,
841 3455 979 3530 patrcm;

251 3555 288 3620 Et
301 3559 356 3620 tibi
371 3576 439 3638 quae
453 3563 554 3620 nostro
566 3559 695 3622 candore
707 3563 842 3639 paratur,
858 3560 987 3640 opellam
1082 3543 1084 3546 ⁵

289 3666 334 3727 Ne
345 3679 456 3748 ¹sperne
472 3687 480 3727 :
495 3683 629 3728 errorem
641 3664 799 3728 submovet
811 3665 864 3728 illa
878 3671 986 3727 tuum„

159 3889 196 3957 (ll
217 3889 383 3959 instaret,
398 3891 417 3948 l.
433 3909 477 3960 xr,
494 3905 552 3962 cap.
567 3893 595 3947 θ.

162 3987 199 4056 (a)
217 3987 421 4057 Juvcnn.,sat.
437 3993 471 4058 e,
485 3963 553 4046 ion.
571 3991 632 4043 rra.
764 3975 766 3980 '
801 3977 803 4016 ³

163 4083 198 4152 (3)
219 4081 342 4144 Martial..
358 4081 394 4137 od
411 4083 541 4140 Gaurum.
685 4071 688 4076 Δ
761 4071 764 4078 ’

163 4177 198 4244 (o
219 4177 304 4248 rua,
324 4179 386 4234 Vita
402 4179 553 4249 ceceanu,
569 4179 628 4252 cao.
645 4170 672 4237 a.
697 4167 701 4175 ’
732 4172 736 4192 ²
760 4169 764 4176 '
