2866 4866
520 367 683 426 ..91-

62 495 68 583 1
88 497 226 570 delictis
245 522 316 570 non
328 497 561 596 indulgemus.
582 501 617 572 Si
641 523 728 572 vero·
742 503 945 575 memoriam
966 507 1104 578 Homeri

66 593 283 750 3qgraviorem
301 625 508 710 remoreris,
539 636 574 698 et
592 649 755 698 seorsum
772 647 803 698 'a
832 630 994 702 Cicerone
1017 654 1106 702 con÷

70 751 190 876 'qversa
205 749 344 846 legeris,
360 750 396 820 in
414 749 609 822 Calchantis
624 751 843 846 praedictione
854 753 1052 826 facilitatem
1072 765 1106 826 et

90 873 298 972 elegantiam
320 873 432 946 libens
453 872 681 946 admirabere.
703 877 782 947 Haec
799 878 916 948 omnia
934 877 1054 950 leviter
1071 890 1106 951 et

88 997 221 1094 liquide
245 997 381 1084 fluunt;
407 1006 481 1098 jam
513 1001 629 1096 epicus
659 1024 795 1086 sermo,
817 1016 920 1098 quam
950 1003 1107 1100 perficiat

90 1123 271 1221 Virgilius,
291 1135 484 1210 natusest,
505 1134 539 1196 et
555 1123 717 1196 AEneidas
737 1125 902 1198 misimur.
1103 1131 1107 1139 '

139 1247 334 1345 Antequam
350 1248 395 1321 ad
412 1248 533 1322 nidum
547 1249 802 1348 expingendum
815 1249 956 1324 accedat
971 1252 1105 1334 Cicero,

72 1371 188 1461 {haud
205 1373 332 1468 iniquis
348 1373 507 1471 passibus
514 1377 707 1446 Homerum
722 1375 959 1472 smsoquitur:
970 1376 1016 1448 nt
1032 1376 1108 1448 lnaec

75 1464 205 1596 imagis
231 1501 347 1571 tenuia
365 1510 399 1570 et
417 1499 550 1598 Virgilii
572 1500 732 1596 penicillo
754 1500 911 1598 digniora
930 1501 996 1573 sibi
1014 1501 1110 1574 diffi-

76 1587 182 1696 ldens
208 1625 391 1696 contrahit.
418 1627 559 1696 Frustra
583 1627 769 1721 querimus
789 1626 853 1698 hos
875 1628 912 1698 in
930 1651 1028 1700 ramo
1045 1652 1110 1700 su-

74 1693 211 1852 lblimi‚
233 1749 297 1822 suh
308 1750 397 1822 loliis
415 1749 627 1847 trepidantes
642 1761 717 1823 octo
732 1751 857 1847 pullos.

178 1977 263 2042 Nona
279 1997 368 2060 super
384 1975 517 2040 tremulo
536 1971 662 2053 genitur
678 1981 817 2054 clangore
830 1959 968 2056 iolabat,
1030 1957 1033 1970 ‚

99 2188 239 2286 elegans
257 2187 397 2286 quidem
415 2199 467 2260 est
480 2211 622 2274 versus,
644 2199 713 2284 quo
732 2198 850 2259 tamen
870 2209 941 2260 non
957 2186 1023 2259 hoc
1040 2189 1117 2260 Ho-

99 2313 268 2384 mericum
285 2322 344 2386 aut
359 2313 587 2411 Virgilianum
603 2311 853 2386 adumbratur:
873 2339 889 2381 r
906 2313 1017 2410 Mater
1032 2336 1116 2385 vero

100 2437 396 2510 circumvolitabat
406 2437 529 2535 lugens
542 2461 638 2508 caros
655 2437 809 2532 pullos»
829 2480 876 2490 —
894 2437 965 2506 «Aa
977 2437 1038 2508 illa
1054 2436 1116 2508 llet

101 2574 283 2635 noctem.»
304 2562 370 2634 Uhi
382 2561 525 2663 tandem
537 2558 687 2670 reperias
698 2559 808 2632 illud:
828 2559 913 2630 «Ille
934 2559 1094 2656 (serpens

102 2682 368 2757 circumvolutus
385 2683 440 2754 ala
449 2684 589 2780 corripit
601 2706 678 2754 eam
688 2683 820 2765 circum
826 2681 1075 2754 clamitantem.
1092 2711 1118 2750 s«
1150 2687 1152 2692 '

103 2812 183 2881 Haec
200 2808 291 2905 apud
313 2811 501 2881 Homerum
520 2808 803 2907 significantibus
814 2792 929 2880 uerbis
949 2831 1119 2903 :expressa

104 2935 225 3007 vivunt
255 2944 289 3005 et
319 2935 476 3030 spirant,
509 2933 635 3031 qulbus
663 2935 776 3030 impar
806 2933 977 3006 Ciceronis
1009 2933 1119 3004 oratio

107 3060 253 3134 decedit.
274 3059 418 3156 Reliqua
431 3082 530 3144 vcro,
552 3053 814 3156 Calchantisque
833 3059 1032 3131 vaticinium
1046 3084 1121 3149 rur-

108 3211 167 3258 sus
183 3184 227 3258 ad
238 3188 426 3257 Homerum
438 3188 579 3282 propius
597 3185 783 3270 accedunt;
798 3184 882 3259 dnm
894 3209 936 3256 ex
951 3187 1120 3259 universis

107 3309 205 3382 facile
229 3311 375 3407 perspici
400 3321 531 3406 potest,
558 3323 727 3408 quantum
747 3312 916 3405 interpres
939 3307 1054 3382 Cicero
1084 3335 1121 3383 se

109 3459 215 3532 supra
233 3448 371 3532 poetam
389 3435 523 3507 Urania
544 3435 751 3532 discipulum
775 3433 926 3506 extollat.
950 3437 1012 3506 Hic
1031 3435 1121 3507 mole
1219 3419 1222 3426 ⁴

110 3560 237 3658 gravis,
257 3559 373 3658 largus
391 3569 425 3631 et
440 3560 559 3656 inops,
578 3559 678 3632 hians
698 3569 732 3630 et
751 3582 896 3654 repens,
917 3558 1041 3630 iisdem
1059 3584 1122 3632 nu-

111 3683 217 3754 meris
241 3682 380 3755 taedium
409 3683 541 3781 injicit;
569 3682 626 3754 ille
652 3683 762 3780 magis
786 3681 988 3779 expeditus,
1018 3680 1122 3754 divite

110 3832 200 3880 vena
226 3806 448 3904 splendidior,
477 3817 512 3879 et
537 3808 715 3880 Homerico
742 3817 862 3905 raptus
888 3806 1024 3892 afflatu,
1047 3814 1122 3906 jam

113 3932 187 4004 alas
204 3932 385 4006 sublimius
402 3933 559 4030 explicat.
731 3975 734 3980 ·
1000 3939 1005 3952 '
