2836 4880
745 397 790 432 ..·
803 385 843 448 52
865 417 905 434 .-

315 549 451 599 morosa
466 523 616 620 qrradam
641 523 822 595 instinctus
846 519 1054 601 acerbitate,
1074 519 1228 615 poesim,
1250 515 1337 615 gal-

315 650 415 720 licam
430 646 573 731 saltem,
593 655 627 717 et
651 647 704 717 sui
728 646 911 741 temporis,
930 667 993 715 nec
1011 666 1153 739 prorsus
1170 643 1337 714 immeri-

315 779 408 859 tam,
427 775 477 845 ita
491 771 672 868 discerpit,
695 783 734 842 ut
751 772 866 866 ipsum
884 779 992 865 poetae
1006 791 1132 840 nomen
1149 765 1200 838 illi
1216 765 1334 839 videa-

314 909 371 969 tur
387 896 614 980 invidiosum,
636 919 744 991 quum
762 895 836 991 ipse
860 893 1013 990 dialogos
1037 893 1194 977 instruit,
1212 893 1334 964 Pascal

314 1021 510 1094 inventione
530 1017 719 1090 dramatico
737 1015 838 1113 longe
857 1017 1056 1088 Ciceronem
1076 1025 1229 1110 praestat.

364 1148 425 1218 His
441 1144 641 1240 praemissis,
654 1165 730 1238 quae
742 1141 895 1213 Ciceroni
911 1139 1014 1212 luerit
1032 1139 1068 1209 in
1085 1139 1168 1235 ipsis
1183 1163 1334 1235 poema-

316 1272 361 1343 tis
392 1267 587 1342 inveniendi
619 1267 784 1350 facultas,
811 1273 886 1364 jam
916 1264 1147 1349 attendimus,
1183 1275 1218 1336 et
1251 1287 1335 1336 car-

316 1398 402 1468 mini
416 1397 463 1466 De
482 1399 643 1466 consolato
654 1395 820 1490 primum,
840 1393 967 1489 quippe
982 1398 1080 1489 cujus
1092 1389 1334 1488 locupletiores

318 1521 470 1617 reliquiae
489 1519 676 1617 supersint,
689 1517 789 1590 nobis
805 1517 944 1588 studere
960 1515 1083 1612 placet.

365 1646 501 1716 Nemini
519 1643 663 1716 dubium
677 1653 729 1714 est
742 1644 827 1738 quin
841 1641 926 1714 illud
944 1641 1147 1713 historicum
1163 1663 1245 1736 epos
1263 1639 1335 1712 tri-

316 1767 383 1840 hus
397 1769 537 1840 omnino
554 1767 710 1864 partibus
729 1766 932 1838 constiterit.
953 1768 1068 1838 Potest
1086 1766 1190 1836 etiam
1210 1765 1333 1862 conjici

317 1894 441 1989 cuique
460 1892 547 1964 libro
571 1915 679 1964 musae
705 1915 831 1963 nomen
851 1892 1055 1987 inscriptum
1078 1890 1196 1962 luisse.
1217 1891 1334 1974 Quum

318 2027 434 2090 autem
459 2019 496 2088 in
522 2016 672 2090 secundo
701 2016 846 2113 loquens
874 2014 1048 2088 inducitur
1068 2017 1208 2101 Urania,
1238 2026 1274 2086 et
1296 2015 1335 2084 in

318 2143 419 2214 tertio
445 2141 613 2238 Calliope,
643 2165 720 2236 quae
744 2141 896 2236 primum
922 2163 1043 2211 exorsa
1061 2139 1183 2225 luerit,
1205 2137 1335 2211 admo-

318 2265 404 2337 dum
422 2267 612 2362 ignoratur.
634 2265 734 2335 Hunc
761 2275 878 2334 tamen
902 2264 1007 2336 totius
1033 2264 1146 2360 operis
1174 2262 1335 2335 ordinem

319 2390 486 2485 suspicari
511 2413 581 2460 non
600 2412 621 2459 a
637 2389 770 2460 ratione
799 2387 935 2460 videtur
965 2387 1128 2460 alienum.
1157 2389 1272 2472 Quum
1297 2389 1336 2459 in
1402 2473 1403 2480 ἵ

319 2513 470 2586 secunda
501 2524 599 2610 parto
626 2525 743 2585 narret
776 2515 918 2598 Urania,
955 2513 1080 2609 quibus
1100 2514 1262 2586 monstris
1282 2513 1337 2585 dii

321 2641 592 2738 conjurationem
614 2641 830 2737 aperuerint,
851 2651 890 2712 ot
902 2641 940 2711 in
959 2641 1059 2712 tertia
1076 2640 1224 2737 Calliope
1242 2641 1340 2713 Cice·

317 2787 438 2834 ronem
456 2763 606 2834 consiliis
625 2774 659 2833 et
674 2763 814 2833 monitis
833 2763 999 2847 instruat,
1020 2761 1145 2858 quibus
1161 2762 1220 2834 ille
1236 2787 1338 2834 sem·
1396 2835 1402 2866 ,

317 2911 379 2983 per
404 2911 441 2958 se
472 2886 537 2957 sibi
562 2909 681 2982 parem
711 2885 917 2983 praebiturus
943 2888 1000 2972 sit,
1026 2887 1171 2984 intelligi
1198 2897 1334 2984 potest,

317 3009 505 3082 secundam
539 3011 652 3106 operis
690 3021 824 3106 partem
864 3011 908 3084 ad
942 3013 1056 3108 ipsum
1088 3013 1338 3110 conjurationis

318 3135 448 3206 exitum
477 3135 671 3231 pertinere,
697 3137 835 3207 tertiam
858 3161 939 3208 vero
962 3137 1006 3209 ad
1033 3162 1073 3209 ea
1099 3162 1175 3234 quae
1202 3139 1339 3235 pericu-

317 3257 430 3330 losum
450 3258 622 3331 Ciceronis
645 3259 861 3356 triumphum
883 3273 1065 3334 consecuta
1082 3263 1221 3334 luerint.
1242 3263 1337 3347 Quid

318 3391 435 3454 autern
447 3388 521 3479 jam
537 3382 657 3455 deesse
670 3394 804 3481 potest,
824 3386 891 3456 nisi
905 3386 998 3481 quod
1016 3397 1096 3460 ante
1115 3386 1337 3460 scelerisma-

242 3567 246 3576 ,
318 3507 478 3578 nilestam
493 3506 599 3578 fidem
615 3507 801 3582 acciderit?

368 3634 500 3728 ltaque,
521 3655 630 3727 quum
657 3635 819 3706 carminis
850 3647 1093 3733 argumentum
1123 3637 1189 3709 sibi
1214 3637 1335 3709 Cicero

320 3779 423 3828 cuum
439 3755 657 3829 consulatum
685 3758 861 3856 elegisset,
890 3769 930 3830 ut
952 3759 1097 3856 simplex
1113 3771 1147 3832 et
1164 3785 1234 3832 una
1250 3783 1337 3832 ma-

320 3883 407 3953 teria
422 3882 531 3968 foret,
559 3905 676 3954 rerum
694 3908 867 3956 summam
885 3883 929 3955 ad
948 3887 1236 3983 conjurationem,
1253 3911 1335 3983 pro-

264 4010 266 4014 ’
318 4007 434 4080 bando
465 4031 547 4080 sane
573 4007 728 4107 judicio,
765 4009 924 4082 retulisse
954 4009 1107 4096 videtur,
1142 4023 1177 4084 et
1207 4024 1336 4085 caetera

320 4132 465 4232 singulis
491 4135 526 4204 in
550 4133 647 4208 libris
673 4136 722 4206 ita
753 4127 976 4232 disposuisse.
1006 4139 1045 4208 ln
1069 4138 1206 4233 primo,
1236 4140 1333 4235 quod
