2866 4866
535 378 698 438 ..95-

189 503 287 566 Multa
302 503 361 565 ulia
380 505 484 568 victrix
498 511 601 568 nostra
619 506 759 568 lustravit
772 525 889 582 manus,

170 703 172 706 Ι
189 611 250 673 Nec
269 615 426 692 quisquam
440 633 457 674 e
470 616 576 674 nostris
590 615 685 694 spoliu-
695 617 772 696 ceplt
785 616 926 678 laudibus
944 612 994 698 (1).
1098 695 1099 698 Ἴ

155 791 209 862 Ab
234 791 395 890 AEschylc
415 792 656 890 disputationis
679 795 816 865 initium
840 794 939 866 nobis
955 805 1119 894 repeten-

107 915 211 1002 dum,
233 929 268 988 et
285 941 391 1013 quam
417 918 454 988 in
480 919 708 1004 sententiam,
741 917 827 990 duce
857 917 983 1003 Bothe,
1011 919 1119 989 critici

107 1041 251 1138 quidam
266 1044 473 1116 recentiores
493 1043 641 1115 abierint
655 1042 916 1140 proponendum
935 1061 1010 1115 esse
1025 1043 1119 1116 ride-

108 1179 179 1239 tur.
199 1169 253 1240 Sic
275 1167 332 1240 ille
350 1168 393 1240 de
412 1169 569 1242 versibus
595 1193 637 1240 ex
656 1164 817 1268 AEsch'ylo
835 1171 1030 1254 conuersis,
1049 1193 1119 1242 non

107 1300 323 1392 conjectura,
343 1295 406 1366 sed
430 1295 656 1367 affirmatione
673 1295 871 1368 concludit:
896 1325 912 1363 u
933 1296 1018 1367 Attii
1043 1319 1119 1367 esse

106 1419 239 1489 Nonius
262 1420 299 1489 in
322 1422 441 1504 adulo,
472 1431 507 1490 et
532 1421 725 1492 Priscianus
752 1423 969 1493 convincunt.
1005 1421 1060 1492 Eti

106 1543 148 1613 V.
169 1541 274 1626 Gelu,
301 1543 431 1614 Nonius
448 1569 457 1615 ε
476 1544 611 1627 Attius,
629 1547 807 1615 Prometheo
825 1570 834 1615 τ
854 1549 940 1617 Tum
958 1545 1118 1641 profusus

106 1665 248 1738 flamine
276 1666 421 1740 hiberno
447 1669 557 1766 gelus.
578 1711 626 1722 -—
649 1672 728 1742 Tum
756 1695 826 1742 uon
857 1670 1005 1742 habetur
1026 1669 1118 1768 apud

107 1792 321 1863 Priscianum
343 1791 407 1888 (2).
438 1821 454 1860 1

155 1917 201 1988 At
217 1918 368 2013 primum
385 1917 549 1988 Prisciani
566 1930 600 1988 et
621 1918 722 1989 Nonii
736 1919 772 1988 iu
789 1915 910 1990 codem
926 1917 1119 2015 fragmento

106 2065 296 2114 consensus
316 2041 402 2112 nihil
420 2041 464 2113 ad
481 2064 555 2112 rem
574 2042 709 2114 attinet.
729 2042 792 2112 Hic
809 2043 901 2112 enim
925 2065 1068 2114 versus:

256 2238 336 2298 Tum
348 2236 487 2317 profusus
496 2237 616 2298 [lamine
629 2237 754 2300 hiberno
769 2239 870 2314 gelus,

106 2423 144 2493 in
162 2447 202 2494 co
218 2417 292 2494 loco
309 2445 379 2494 nou
399 2421 546 2494 occurrit
561 2420 605 2494 de
622 2445 690 2516 quo
708 2446 800 2493 nunc
817 2421 1016 2519 ambigitur.
1036 2424 1119 2493 Pro-

107 2551 215 2618 methei
231 2558 347 2618 tamen
377 2545 557 2642 cujusdam
586 2544 914 2617 auctorematuum
936 2567 1011 2616 esse
1031 2569 1120 2616 cou-

107 2674 234 2757 uincit,
255 2670 347 2767 quod
364 2681 456 2742 certe
477 2669 626 2740 multum
642 2667 740 2738 abest
756 2678 795 2738 ut
811 2691 989 2764 negemus.
1008 2670 1120 2752 Quam

108 2803 191 2870 vero'
217 2793 371 2866 fabulam
397 2817 416 2864 a
442 2815 553 2890 graeco
577 2789 770 2864 conuertit?
794 2791 871 2862 Fuit
895 2791 987 2862 eninr
1017 2793 1120 2864 uuius

109 2921 262 3020 AEschyli
278 2919 402 3015 triplex
421 2916 592 3015 tragoedia·
603 2915 745 2987 nornine
755 2916 961 2985 Promethea.
978 2914 1121 2998 Quodsi

108 3070 191 3118 uero
212 3041 396 3141 Sophocles
415 3042 519 3113 etiam
538 3039 669 3112 accedit
686 3041 876 3120 Promethei,
894 3039 1009 3110 neseio
1027 3041 1118 3136 quis,

109 3179 242 3254 auctor,
253 3173 382 3265 majore
394 3164 607 3237 dubitatione
617 3161 808 3260 pendentes
819 3161 1003 3237 haeremus.
1020 3164 1123 3262 Frag·

108 3294 237 3366 mentis
258 3302 374 3363 autem
392 3289 495 3385 ipsis,
515 3311 593 3384 quita
613 3283 850 3370 laudavimus,
869 3284 982 3358 solum
1004 3277 1122 3360 attan-

110 3418 197 3491 deus
209 3473 218 3503 ,
228 3439 292 3488 nec
304 3414 371 3486 alia
379 3435 517 3497 amans,
531 3413 568 3482 in
581 3411 668 3484 duos
677 3421 768 3482 certe
779 3413 974 3482 Prometheos
982 3411 1118 3484 incidis.

160 3543 275 3626 Quum
291 3539 474 3610 «Titanum
489 3526 636 3620 sobolesss
650 3545 732 3620 eta,
746 3563 763 3602 a
779 3535 817 3606 in
824 3534 978 3632 AEsuhyli
987 3547 1121 3608 servato

110 3654 291 3742 Proiectae
310 3689 380 3736 nou
398 3663 608 3760 reperiatur,
629 3660 675 3734 ad
690 3659 796 3732 aliurn
813 3659 980 3732 Ieiunium
995 3683 1124 3755 quem-

111 3793 195 3866 dam
225 3786 535 3873 Ρ111111111ι11,111
562 3787 651 3884 ignis
677 3795 874 3882 raptorem,
900 3783 955 3858 vel
969 3783 1122 3859 solutum

149 4039 186 4108 (1)
204 4037 287 4094 Cicer.
301 4035 419 4106 1111111,
432 4037 452 4094 1.
467 4039 495 4106 2,
508 4041 535 4107 8,
551 4039 577 4092 9.
761 4088 763 4095 ,

150 4136 187 4206 12)
203 4137 289 4192 Poetoe
303 4137 405 4190 11111111
415 4136 587 4204 lotherum,
599 4137 701 4204 patae,
