2866 4866
722 394 884 454 ..90-

381 528 441 602 Qui
451 525 951 605 .n0n.ianartis.iiquarunt1umina
960 527 1045 590 tatis.

378 635 521 709 Argolicis
534 635 726 714 :primum-ut
739 637 850 704 *neella
863 639 909 698 est
925 635 1187 712 elassibus-Aulis,

380 741 456 818 Quae
469 743 719 812 Parmeniden
729 744 877 824 ellubie
897 749 1072 824 pestemque
1083 743 1253 821 -ierebant;

380 853 454 928 Nos,
471 857 584 934 circum
608 854 710 916 latices
727 855 853 929 gelidos,
870 853 1055 916 fumantibus
1072 857 1148 930 aris,

380 967 534 1040 Aurigeris
547 966 651 1026 divum
669 965 821 1044 placantes
845 966 970 1026 numina
984 966 1102 1038 tauris,

379 1073 442 1136 Sub
454 1075 575 1154 platano
589 1073 768 1148 umbrifera,
782 1073 853 1136 iens
866 1074 948 1135 unde
964 1077 1086 1135 emanat
1100 1077 1214 1152 aquai,

319 1209 322 1218 ⁴
378 1183 518 1246 Vidimus
535 1187 661 1246 immani
675 1173 781 1264 speeie,
798 1188 941 1262 tortuque
947 1183 1116 1244 draconem

379 1291 569 1367 Terribilem,
591 1293 671 1356 lovis
685 1298 719 1356 ut
734 1293 823 1372 pulsu
840 1293 1017 1372 penetrabat
1027 1292 1069 1356 ab
1091 1310 1164 1365 ωας

381 1400 442 1475 Qui
452 1403 564 1482 platani
574 1405 606 1464 iu
616 1421 701 1464 ramo
711 1402 852 1464 soliorum
866 1403 998 1476 tegmine
1012 1406 1111 1481 septus

381 1507 531 1590 Corripuit
550 1511 668 1592 pullos:
685 1531 759 1590 ques
769 1531 864 1590 quum
885 1515 1074 1574 consumeret
1088 1515 1172 1586 oete,

318 1705 320 1710 ,
379 1620 464 1682 Nona
483 1639 572 1701 super
586 1623 716 1682 tremulo
732 1624 858 1698 genitrix
872 1621 1013 1696 clangore
1027 1620 1147 1682 volabat
1162 1644 1170 1680 :

379 1727 437 1790 Cui
450 1729 532 1792 ierus
543 1732 668 1791 immani
683 1731 806 1808 laniavit
820 1733 932 1805 viscera
947 1747 1061 1790 morsu.

379 1838 483 1913 Hune,
500 1840 552 1900 ubi
564 1845 627 1901 tam
637 1845 756 1901 teneros
772 1839 910 1901 volucres
923 1842 1113 1915 matremque
1127 1838 1275 1918 peremit,

378 1946 440 2022 Qui
457 1950 519 2011 luci
532 1950 685 2022 ediderat,
709 1951 824 2024 genitor
838 1948 998 2010 Saturnius
1011 1947 1092 2008 idem

373 2059 521 2132 ,lhudn.,
544 2069 575 2120 et
593 2059 968 2133 uaronrmaeittagmina
982 2075 1066 2118 saxo.
1158 2137 1162 2146 ι

379 2165 440 2226 Nos
453 2170 557 2228 autem
571 2167 668 2229 timidi
683 2170 810 2239 stantes,
827 2165 964 2228 mirabile
982 2168 1164 2240 monstrum,

378 2269 517 2333 Vidimus
528 2273 562 2340 in
574 2273 679 2336 mediis
694 2272 800 2332 divum
819 2273 963 2348 gersarier
980 2272 1051 2332 aris.

380 2375 459 2437 Tum
471 2374 595 2438 Calchas
605 2378 670 2438 haee
681 2382 725 2438 est
736 2378 840 2438 fidenti
851 2396 923 2438 voce
932 2378 1051 2440 locutus
1063 2399 1071 2460 ς

382 2483 534 2560 Quidnam
548 2490 700 2566 terpentes
717 2487 816 2548 subito
829 2486 1033 2566 obstupuistis,
1050 2485 1180 2548 Achivii

381 2593 472 2655 Nobis
485 2595 550 2656 hec
563 2598 702 2675 portenta
716 2595 807 2655 deum
821 2594 903 2655 dedit
915 2596 979 2674 ipse
993 2596 1128 2678 creater,

379 2705 478 2768 Tarda
491 2710 522 2766 et
533 2723 599 2766 sera
614 2707 718 2778 nimis,
735 2705 786 2766 sed
799 2699 881 2766 fama
893 2709 923 2766 et
935 2703 1025 2766 laude
1038 2702 1164 2782 perenni
1180 2721 1189 2760 r

378 2814 457 2875 Nam
475 2817 550 2891 quot
565 2831 634 2874 ares
650 2817 725 2873 tetro
739 2813 989 2874 mactatasdente
1002 2811 1130 2884 videtis,

380 2921 438 2983 Tei
450 2939 505 2982 nos
516 2921 554 2982 ad
568 2920 690 2999 Troiam
696 2921 775 2984 belli
789 2921 1015 2984 exanclabimus
1030 2937 1137 2993 auuos,

381 3027 458 3103 Qum
473 3031 697 3106 deeimeeadet,
719 3037 750 3092 et
762 3051 852 3112 poena
866 3032 986 3094 satiabit
997 3031 1138 3092 Achivos.

332 3182 333 3186 ,
379 3138 481 3201 Edidit
494 3141 560 3204 haee
576 3137 721 3207 Calchas:
739 3160 806 3220 quae
815 3143 880 3226 jam
894 3145 1014 3204 matura
1027 3141 1132 3202 videtis
1147 3135 1200 3222 (l).
1221 3155 1240 3195 n

271 3317 277 3466 1
349 3324 388 3394 lu
403 3320 470 3394 illis
488 3324 648 3420 equidem
672 3325 789 3396 Cicero
820 3323 961 3397 liberius
988 3325 1176 3408 immutat,
1190 3322 1316 3392 iterata

272 3465 273 3468 ’
298 3446 436 3532 recidit,
456 3445 558 3543 paulo
575 3447 705 3521 latiora
740 3447 865 3544 quibus
890 3449 1084 3521 Graecorum
1101 3445 1246 3518 uberius
1262 3445 1314 3514 in·

92 3623 95 3628 ,
169 3674 171 3679 ,
297 3574 437 3669 genium
452 3571 660 3660 delectatur,
678 3585 738 3647 aut
748 3574 925 3672 negligens
937 3585 997 3646 aut
1010 3572 1198 3670 desperans
1209 3569 1313 3643 emit·

270 3698 359 3814 gtit;
387 3697 473 3772 illud
502 3709 619 3778 eutem
644 3701 813 3798 simplex,
851 3700 977 3785 melle,
1007 3697 1312 3791 candidumque

267 3814 275 3894 i
298 3821 518 3920 singulariter
536 3825 684 3910 eminet,
710 3837 753 3897 et
779 3825 933 3923 legentes
957 3824 1064 3897 allicit
1087 3835 1123 3896 et
1146 3821 1313 3918 illaqueat

263 4005 269 4022 ,
296 3942 479 4026 Homerus,
495 3943 588 4040 apud
602 3944 825 4040 interpretem
838 3944 968 4016 frustra
984 3945 1152 4041 requiras.
1175 3939 1311 4026 Quibus

208 4157 214 4173 *
334 4131 902 4234 [lineatam.a,eo.nraa.,e,aee.
