2866 4866
563 415 600 426 --
625 383 682 442 ll'l
707 415 745 428 ·-

210 511 299 586 Quod
309 513 345 574 'st
359 519 428 576 ante
443 513 535 594 pedes
547 511 636 576 nemo
650 509 765 596 spectat
779 536 787 575 :
802 517 867 578 coeli
876 521 1031 578 scrutatur
1043 520 1157 598 plagas.

144 695 309 779 Quamvis
327 697 420 767 enim
435 699 668 770 Democritum
685 699 735 769 ita
754 699 869 771 Cicero
885 699 1002 772 laudet
1024 727 1032 772 :
1058 705 1161 772 «De-

144 803 310 891 mocritus
330 829 448 891 tamen
468 843 538 891 non
557 821 679 892 inscite
699 832 861 918 nugatur,
881 832 921 894 ut
938 821 1122 921 physicus,
1140 851 1156 890 1

143 966 266 1015 versus
299 944 412 1039 specie
447 943 539 1041 apud
568 945 765 1018 Ciceronem
796 945 934 1018 insolita
971 957 1006 1018 et
1036 945 1162 1018 duritie

143 1065 374 1146 conturbaris.

191 1193 324 1262 Rursus
359 1189 572 1276 confideres,
610 1193 660 1263 ita
697 1203 931 1290 premonente
968 1193 1161 1265 Cicerone:

149 1315 252 1386 «Hoc
276 1313 369 1385 idem
387 1307 557 1412 significat
578 1340 709 1414 graecus
728 1315 786 1388 ille
802 1301 839 1387 in
857 1340 934 1389 eam
957 1317 1163 1388 sententiam

143 1458 266 1507 versus
286 1434 334 1533 (1)
353 1461 362 1508 :

186 1656 276 1732 Quod
287 1657 352 1722 fore
368 1666 508 1742 paratum
526 1667 590 1736 est,
610 1662 641 1724 id
656 1679 811 1724 summum
828 1667 986 1743 exsuperat
1000 1661 1117 1722 lovem.

144 1867 255 1965 Magis
287 1851 391 1940 etiam
425 1871 648 1966 interpretem
685 1873 722 1942 in
751 1871 817 1942 hoc
847 1872 1063 1968 suspicamur
1085 1871 1163 1968 (2):

290 2091 395 2155 Vitam
410 2095 488 2170 regil
501 2093 639 2168 fortuna,
656 2113 717 2156 non
731 2095 876 2174 sapientia
887 2113 898 2169 ;-

150 2323 260 2395 quum
290 2323 312 2370 a
339 2301 501 2372 Cicerone
544 2324 614 2372 non
653 2299 832 2372 obscurius
873 2299 1123 2372 admoneamur
1155 2325 1163 2370 :

152 2449 169 2488 1
185 2422 335 2492 Vexatur
350 2422 444 2492 idem
458 2422 714 2518 Theophrastus
730 2423 767 2492 in
784 2421 881 2493 libris
897 2432 931 2494 et
948 2421 1074 2494 scholis
1095 2445 1167 2494 om-

145 2545 246 2616 nium
261 2543 563 2638 philosophorum,
580 2543 672 2638 quod
687 2543 725 2612 in
743 2543 921 2610 Callisthene
939 2566 1001 2612 suo
1017 2542 1167 2614 laudarit

145 2665 244 2739 illam
258 2666 476 2736 sententiam.
502 2693 518 2732 1
542 2667 581 2735 In
598 2688 667 2760 qua
680 2661 920 2734 transferenda
934 2664 1043 2760 magis
1062 2665 1166 2735 etiam

145 2812 289 2888 pressus
302 2812 408 2885 quam
422 2787 645 2873 Chaeremon‚
665 2797 726 2860 aut
746 2786 858 2883 quivis
876 2769 977 2880 alius,
997 2785 1166 2882 interpres

147 2913 365 2988 obversatur.

199 3037 239 3107 ln
269 3034 335 3108 hoc
364 3033 533 3136 Apollinis
567 3033 705 3108 oraculo
750 3058 871 3106 rursus
907 3033 1038 3106 haerere
1067 3032 1165 3130 cogi-

148 3183 229 3232 mur
251 3158 298 3257 (3)
319 3184 328 3231 :
373 3221 375 3224 .

251 3358 388 3439 Spartam
405 3358 489 3419 nulla
501 3377 550 3429 re,
568 3360 625 3419 nisi
640 3358 781 3430 avaritia,
797 3357 975 3450 perituram.

200 3547 352 3620 Ciceroni
371 3542 512 3616 tandem
529 3542 741 3640 adscriptum
758 3543 951 3615 invenimus
974 3541 1021 3638 (1)
1044 3566 1056 3614 ι

189 3817 225 3888 (l)
240 3815 396 3882 1111111111..
412 3817 431 3874 1.
445 3819 478 3886 2,
494 3820 538 3872 11.

189 3914 225 3984 (1)
242 3911 360 3978 rescat,
376 3915 402 3981 5,
418 3915 445 3968 9.
462 3909 502 3968 cf.
519 3910 588 3966 Plut.
604 3909 641 3965 De
654 3909 782 3982 11111111,
795 3924 822 3980 p.
838 3910 881 3963 11.

189 4009 225 4078 (3)
241 4006 403 4080 molliciis,
418 4009 446 4072 2,
462 4009 507 4065 22.

191 4104 227 4172 (1)
242 4102 357 4171 Nonius,
371 4101 421 4159 suh
433 4101 525 4158 111111.
537 4101 608 4155 alli.
