2836 4880
460 1343 821 1440 PRAEFATIO.

564 1601 710 1616 m

183 1907 391 2004 Anquirenti
406 1907 450 1983 de
466 1909 600 2006 poetica
616 1909 790 1982 Ciceronis
806 1909 969 1984 facultate
983 1936 1052 1984 non
1069 1935 1154 2010 prae-

136 2033 401 2106 termittendum
429 2044 503 2119 est,
528 2044 568 2104 ut
593 2034 743 2129 aequiore
767 2034 897 2132 judicio
923 2038 1155 2110 controversia

136 2155 360 2252 disceptetur,
382 2157 494 2252 qualis
514 2157 606 2252 apud
624 2159 818 2254 superiores
836 2170 896 2230 aut
915 2160 1063 2256 aequalcs
1082 2161 1153 2233 sere

136 2293 256 2379 poetas
287 2282 460 2354 scribendi
491 2283 579 2355 ratio
605 2283 727 2370 fuerit,
760 2295 795 2356 ot
824 2296 954 2381 quanta
979 2293 1054 2384 jam
1081 2297 1155 2359 arte

136 2408 251 2504 poesis
276 2407 411 2479 exculta
426 2407 645 2504 processerit.
668 2410 708 2478 ln
731 2408 797 2480 hoc
815 2419 1020 2507 argumento
1037 2419 1154 2482 tomen

137 2533 255 2606 omnia
271 2534 419 2604 strictim
436 2535 606 2630 attingere
622 2532 812 2618 dehemuS,
835 2545 869 2605 et
888 2559 929 2606 ea
944 2545 1081 2607 tantum
1097 2536 1155 2608 de·

136 2657 237 2728 finire
255 2681 331 2752 quaa
343 2656 440 2729 velut
454 2657 570 2729 lucida
586 2681 704 2729 rerum
719 2659 833 2754 capita
850 2661 1026 2756 proposito
1040 2660 1154 2736 lucem

136 2783 333 2879 preferant.

184 2906 246 2977 His
260 2905 469 3002 praemissis,
486 2903 699 2976 destinatum
719 2903 764 2978 ed
780 2930 866 3003 opus
883 2907 1025 3006 aggredi
1038 2921 1149 2982 vacat.

137 3029 253 3112 Quum
275 3053 358 3104 vero
381 3029 495 3102 Livius
514 3029 756 3115 Andronicus,
780 3031 937 3117 Ennius,
960 3035 1150 3120 Pacuvius,

137 3153 273 3240 Attius,
297 3154 445 3250 aliique,
466 3153 647 3250 discerptis
665 3164 801 3226 tantum
817 3155 1004 3242 membris,
1023 3157 1068 3231 ad
1087 3183 1151 3232 nos

137 3300 247 3371 usque
274 3277 513 3373 pervenerint,
543 3301 656 3374 neque
684 3280 913 3375 permanserit
941 3280 1082 3375 quidem
1110 3308 1152 3356 ex
1261 3300 1264 3310 “

138 3423 257 3472 eorum
292 3401 461 3498 poematis
498 3425 633 3495 unum,
663 3427 732 3498 quo
767 3402 868 3475 liceat
902 3405 1062 3504 integro,
1093 3421 1153 3480 aut

138 3537 235 3622 parte
253 3526 377 3598 saltem
401 3525 587 3622 ampliore,
610 3525 763 3624 fingendi
789 3529 941 3624 copiam,
959 3531 1031 3603 vim
1056 3555 1153 3606 exco-

138 3651 290 3748 gitandi,
313 3652 533 3747 auctorisque
557 3652 763 3748 sapientiam
785 3651 953 3748 probare,
978 3677 1097 3728 eorum
1117 3671 1151 3732 et

138 3776 310 3848 Ciceronis
327 3775 481 3874 linguam
500 3786 636 3846 tantum
654 3778 931 3875 orationemque,
950 3781 1065 3854 minus
1082 3807 1150 3857 au-

138 3909 210 3970 tem
226 3899 402 3997 ingenium
424 3900 578 3972 conferre
597 3899 697 3972 nohis
714 3902 751 3973 in
767 3915 930 4000 promptu
949 3917 1013 3978 est.
1038 3911 1152 4006 Supe-

138 4026 271 4097 riorem
287 4027 392 4123 igitur
410 4037 591 4122 poetarum
608 4038 642 4098 et
661 4030 879 4116 recentioris,
901 4032 1014 4128 quoad
1030 4047 1148 4131 patet,

140 4149 596 4246 absolutacomparatione,
616 4153 772 4249 sequitur
793 4165 833 4224 ut
856 4154 1060 4228 nobiliorem
1076 4160 1152 4231 Tul·
1239 4229 1243 4238 ,
