2866 4866
564 405 724 466 ...99-

132 533 319 632 elegantia.
336 533 432 607 Philo
449 546 567 606 noster
578 546 612 607 et
623 536 801 632 proprium
819 551 1002 606 numerum
1015 545 1050 606 et
1061 533 1149 608 lecta

134 671 296 757 poemata
314 671 348 732 et
373 661 447 732 loco
468 661 690 759 adjungebat.
709 663 842 756 ltaque,
858 672 1042 757 postquam
1059 657 1149 732 ada-

135 787 228 859 mavi
247 785 336 856 hanc
361 786 461 881 quasi
489 786 633 858 senilem
662 784 969 871 declamationem,
999 784 1151 858 studiose

136 909 298 1005 equidem
316 921 395 981 utor
413 911 539 982 nostris
555 911 684 1006 poetis3
709 909 791 996 scd,
814 909 922 983 sicubi
938 909 988 982 illi
1013 909 1152 984 deiece-

137 1045 243 1118 runt,
261 1035 349 1105 verti
364 1035 438 1130 ipse
451 1033 562 1105 multa
579 1033 621 1105 de
639 1036 784 1120 Graecis,
804 1059 929 1131 nequo
950 1045 1152 1108 ornamento

136 1157 172 1228 in
185 1155 250 1228 hoc
261 1180 385 1254 genere
399 1155 641 1252 disputationis
652 1155 901 1235 carcretlatina
916 1158 1025 1233 oratio
1043 1155 1109 1254 (1).
1129 1184 1145 1224 ι
1224 1205 1226 1212 ,

99 1275 108 1358 l
189 1281 273 1364 Quae
306 1281 355 1350 sic
385 1289 588 1376 argumento
553 1277 773 1350 tobreviore
796 1279 1068 1351 concludemus.
1089 1279 1154 1350 hos

105 1411 110 1512 t
138 1427 260 1476 versus
287 1428 357 1476 non
387 1404 564 1501 agnoscis,
598 1415 632 1474 ct
659 1415 834 1476 auctorem
861 1427 882 1475 ο
906 1429 963 1476 me
991 1405 1150 1501 requiris.

105 1513 261 1602 Probe
281 1531 354 1628 Ego
377 1541 517 1602 verost
484 1529 637 1604 studiose
659 1542 738 1603 nost
739 1533 786 1602 ris
805 1541 885 1628 poet
886 1532 915 1603 is
941 1557 964 1603 u
966 1543 1044 1616 t;or
1069 1531 1153 1616 sed,

139 1649 250 1725 sicubi
266 1651 315 1724 illi
328 1650 390 1723 del
388 1663 541 1738 cccrunt,
558 1655 646 1725 verti
663 1655 736 1750 ipse
753 1653 862 1731 multa
875 1653 918 1726 de
930 1655 1068 1726 Grecis.

136 1835 139 1842 .
193 1777 334 1862 Quodsi
349 1789 466 1848 autem
484 1778 715 1872 quaerentibus
730 1779 773 1850 de
785 1779 865 1850 libri
883 1779 1064 1877 cujusdam
1078 1804 1155 1853 auc-

135 1912 217 1977 -torc
233 1902 302 1975 tale
319 1901 418 1973 nobis
436 1925 642 1996 responsum
666 1901 823 1987 daretur,
842 1927 887 1974 ne
911 1905 1055 1976 minime
1073 1907 1156 2001 qui-

138 2027 224 2102 dem
240 2027 393 2098 haesuros
411 2027 624 2098 dubitatione
646 2051 710 2099 nos
727 2027 817 2100 ultro
838 2029 1054 2101 confitemur.

137 2200 141 2206 -
192 2153 306 2235 Quum
325 2150 429 2248 igitur
442 2148 599 2222 laudatos
610 2173 730 2222 versus
741 2175 811 2222 non
828 2164 990 2249 agnoscat
1004 2151 1154 2239 auditor,

140 2279 167 2348 ii
183 2277 241 2348 vir
253 2275 337 2346 Attii
350 2281 422 2372 jam
440 2299 516 2346 csse
532 2286 697 2370 possunt,
716 2277 783 2347 nisi
802 2275 888 2348 forte
906 2277 1070 2350 stolidum
1084 2278 1155 2353 dia-

141 2400 211 2498 logi
229 2410 380 2471 actorem
398 2397 463 2469 sibi
477 2400 593 2470 Cicero
604 2399 725 2496 lingat.
743 2399 844 2470 Illum
861 2413 978 2472 autem
995 2427 1058 2474 nec
1074 2405 1156 2476 insi-

140 2525 312 2622 pientem,
332 2547 395 2593 nec
414 2522 608 2592 litterarum
629 2521 762 2591 inducit
777 2523 989 2616 imperitum.
1008 2525 1155 2598 Auditor

142 2651 237 2723 enirn
254 2649 319 2720 luit
336 2671 438 2743 saepe,
461 2669 570 2742 quum
588 2644 733 2717 Athenis
751 2656 841 2717 esset
852 2701 860 2731 ,
873 2647 910 2716 in
928 2646 1055 2719 scholis
1071 2651 1154 2745 pbi—

140 2774 377 2872 losophorum.
413 2773 528 2856 Quum
562 2782 678 2842 autem
711 2769 778 2842 elia
810 2769 929 2844 laudat
962 2771 1097 2858 Cicero,
1121 2787 1155 2846 ct

140 2903 256 2998 ipsum
273 2899 358 2974 Attii
372 2919 531 2982 carmen,
552 2921 621 2968 uno
637 2919 739 2968 versu
760 2906 794 2967 ct
810 2896 924 2969 medio
937 2896 1044 2975 altero
1062 2902 1155 2972 reci-
1240 2925 1243 2934 ·

142 3026 242 3111 tatis,
264 3022 421 3095 consistit
431 3019 548 3092 dicens
563 3044 571 3091 :
599 3047 614 3086 ι
634 3021 731 3092 Nosti
745 3043 821 3116 quae
835 3032 1027 3117 sequuntur
1043 3023 1108 3120 (2).
1131 3053 1147 3092 r

140 3153 268 3222 Doctus
285 3158 338 3220 est
347 3147 452 3246 igitur
468 3144 604 3218 auditor
623 3157 657 3217 ct
675 3147 751 3243 ipsa
764 3147 859 3219 novit
879 3145 964 3218 Attii
983 3151 1148 3222 carmina.

140 3273 282 3372 Finginc
307 3294 389 3343 vero
414 3279 527 3366 potest
552 3268 624 3341 baec
652 3268 756 3354 Attii,
787 3268 847 3340 illa
873 3279 989 3342 autom
1009 3273 1150 3347 minime

140 3393 307 3470 noscens?
323 3398 466 3467 Prorsus
480 3392 663 3466 ridiculum
674 3404 776 3466 esset.
788 3395 878 3490 Ergo
895 3403 1007 3470 totum
1017 3396 1149 3469 Attium

139 3534 257 3596 tenere
274 3519 388 3594 debet.
412 3519 511 3590 Nunc
535 3528 651 3588 tamen
672 3517 869 3589 aCicerone
893 3517 1053 3603 laudata,
1074 3543 1160 3618 qum,

138 3647 256 3724 lerunt
241 3658 298 3753 tur
326 3642 427 3720 ambo
459 3641 541 3717 Att'
491 3651 543 3717 ttn
573 3640 783 3738 fragments,
803 3665 840 3714 se
861 3666 932 3716 non
962 3666 1149 3740 agnoscere

138 3747 225 3850 latet
210 3783 279 3848 t.ur
301 3770 453 3846 Ηοοι
390 3769 453 3866 tgit
453 3792 494 3844 ιιι
511 3765 594 3840 Attii
610 3788 678 3838 non
694 3789 768 3844 esse
782 3777 939 3865 possunt.
912 3767 1021 3838 tFao
1032 3777 1148 3842 tamen

179 4066 216 4136 (ι)
232 4062 357 4134 Terent,
369 4062 387 4120 l.
403 4065 431 4131 2,
446 4065 488 4118 tr.

134 4158 137 4164 ’
178 4161 215 4233 (2)
230 4159 316 4225 ibid,
329 4159 349 4215 Ι.
363 4161 390 4230 l,
404 4161 446 4213 ³6.

715 4271 1036 4444 575219u
