<?xml version="1.0" encoding="UTF-8"?>
<!DOCTYPE html PUBLIC "-//W3C//DTD XHTML 1.0 Transitional//EN"
    "http://www.w3.org/TR/xhtml1/DTD/xhtml1-transitional.dtd">
<html xmlns="http://www.w3.org/1999/xhtml" xml:lang="en" lang="en">
 <head>
  <title>
</title>
<meta http-equiv="Content-Type" content="text/html;charset=utf-8" />
  <meta name='ocr-system' content='tesseract 3.04.00' />
  <meta name='ocr-capabilities' content='ocr_page ocr_carea ocr_par ocr_line ocrx_word'/>
</head>
<body>
  <div class='ocr_page' id='page_1' title='image "./depoeticamtulli01fagugoog_0099.png"; bbox 0 0 2866 4866; ppageno 0'>
   <div class='ocr_carea' id='block_1_1' title="bbox 545 399 707 454">
    <p class='ocr_par' dir='ltr' id='par_1_1' title="bbox 545 399 707 454">
     <span class='ocr_line' id='line_1_1' title="bbox 545 399 707 454; baseline -0.012 -12"><span class='ocrx_word' id='word_1_1' title='bbox 545 399 707 454; x_wconf 68' lang='lat'>..39-</span> 
     </span>
    </p>
   </div>
   <div class='ocr_carea' id='block_1_2' title="bbox 197 520 1043 826">
    <p class='ocr_par' dir='ltr' id='par_1_2' title="bbox 197 520 1043 826">
     <span class='ocr_line' id='line_1_2' title="bbox 199 520 1004 606; baseline -0.007 -14"><span class='ocrx_word' id='word_1_2' title='bbox 199 529 257 592; x_wconf 90' lang='lat' dir='ltr'>Hic</span> <span class='ocrx_word' id='word_1_3' title='bbox 271 531 345 590; x_wconf 84' lang='lat' dir='ltr'>situs</span> <span class='ocrx_word' id='word_1_4' title='bbox 359 538 403 591; x_wconf 89' lang='lat' dir='ltr'>est</span> <span class='ocrx_word' id='word_1_5' title='bbox 418 528 487 588; x_wconf 83' lang='lat' dir='ltr'>vitae</span> <span class='ocrx_word' id='word_1_6' title='bbox 500 527 695 606; x_wconf 83' lang='lat' dir='ltr'>jampridem</span> <span class='ocrx_word' id='word_1_7' title='bbox 711 520 826 588; x_wconf 86' lang='lat' dir='ltr'>lumine</span> <span class='ocrx_word' id='word_1_8' title='bbox 848 527 1004 604; x_wconf 87' lang='lat' dir='ltr'>linquens,</span> 
     </span>
     <span class='ocr_line' id='line_1_3' title="bbox 198 633 1003 716; baseline -0.01 -12"><span class='ocrx_word' id='word_1_9' title='bbox 198 636 259 710; x_wconf 86' lang='lat' dir='ltr'>Qui</span> <span class='ocrx_word' id='word_1_10' title='bbox 274 637 426 716; x_wconf 81' lang='lat' dir='ltr'>quondam</span> <span class='ocrx_word' id='word_1_11' title='bbox 437 633 585 696; x_wconf 87' lang='lat' dir='ltr'>Hectoreo</span> <span class='ocrx_word' id='word_1_12' title='bbox 599 634 755 714; x_wconf 87' lang='lat' dir='ltr'>perculsus</span> <span class='ocrx_word' id='word_1_13' title='bbox 768 634 896 696; x_wconf 81' lang='lat' dir='ltr'>concidit</span> <span class='ocrx_word' id='word_1_14' title='bbox 915 652 1003 710; x_wconf 84' lang='lat' dir='ltr'>ense3</span> 
     </span>
     <span class='ocr_line' id='line_1_4' title="bbox 197 743 1043 826; baseline -0.002 -20"><span class='ocrx_word' id='word_1_15' title='bbox 197 745 322 808; x_wconf 79' lang='lat' dir='ltr'><strong>Fabitur</strong></span> <span class='ocrx_word' id='word_1_16' title='bbox 337 747 402 808; x_wconf 84' lang='lat' dir='ltr'>haec</span> <span class='ocrx_word' id='word_1_17' title='bbox 419 745 543 824; x_wconf 82' lang='lat' dir='ltr'>aliquis:</span> <span class='ocrx_word' id='word_1_18' title='bbox 560 764 628 806; x_wconf 88' lang='lat' dir='ltr'>mea</span> <span class='ocrx_word' id='word_1_19' title='bbox 652 765 768 825; x_wconf 81' lang='lat' dir='ltr'><strong>semper</strong></span> <span class='ocrx_word' id='word_1_20' title='bbox 783 745 877 819; x_wconf 82' lang='lat' dir='ltr'>gloria</span> <span class='ocrx_word' id='word_1_21' title='bbox 891 747 970 806; x_wconf 88' lang='lat' dir='ltr'>vivet</span> <span class='ocrx_word' id='word_1_22' title='bbox 985 743 1043 826; x_wconf 74' lang='lat' dir='ltr'>(ut</span> 
     </span>
    </p>
   </div>
   <div class='ocr_carea' id='block_1_3' title="bbox 72 924 1130 1495">
    <p class='ocr_par' dir='ltr' id='par_1_3' title="bbox 165 924 1130 1026">
     <span class='ocr_line' id='line_1_5' title="bbox 165 924 1130 1026; baseline 0.002 -30"><span class='ocrx_word' id='word_1_23' title='bbox 165 925 246 1009; x_wconf 83' lang='lat' dir='ltr'>Quae</span> <span class='ocrx_word' id='word_1_24' title='bbox 270 925 416 999; x_wconf 87' lang='lat' dir='ltr'>laudans</span> <span class='ocrx_word' id='word_1_25' title='bbox 439 926 549 1014; x_wconf 83' lang='lat' dir='ltr'>Aulus</span> <span class='ocrx_word' id='word_1_26' title='bbox 564 927 692 1000; x_wconf 85' lang='lat' dir='ltr'>Gellius</span> <span class='ocrx_word' id='word_1_27' title='bbox 705 935 784 1026; x_wconf 86' lang='lat' dir='ltr'>jure</span> <span class='ocrx_word' id='word_1_28' title='bbox 806 927 947 1024; x_wconf 91' lang='lat' dir='ltr'>quidem</span> <span class='ocrx_word' id='word_1_29' title='bbox 966 924 1130 998; x_wconf 83' lang='lat' dir='ltr'>animad-</span> 
     </span>
    </p>

    <p class='ocr_par' dir='ltr' id='par_1_4' title="bbox 114 1030 1129 1150">
     <span class='ocr_line' id='line_1_6' title="bbox 114 1030 1129 1150; baseline 0.001 -30"><span class='ocrx_word' id='word_1_30' title='bbox 114 1051 218 1120; x_wconf 90' lang='lat' dir='ltr'>vertit</span> <span class='ocrx_word' id='word_1_31' title='bbox 234 1053 389 1124; x_wconf 80' lang='lat' dir='ltr'>Hectoris</span> <span class='ocrx_word' id='word_1_32' title='bbox 407 1030 479 1124; x_wconf 83' lang='lat' dir='ltr'>haec</span> <span class='ocrx_word' id='word_1_33' title='bbox 496 1051 601 1139; x_wconf 86' lang='lat' dir='ltr'>verba</span> <span class='ocrx_word' id='word_1_34' title='bbox 627 1076 808 1148; x_wconf 82' lang='lat' dir='ltr'>perperam</span> <span class='ocrx_word' id='word_1_35' title='bbox 830 1051 874 1126; x_wconf 85' lang='lat' dir='ltr'>ad</span> <span class='ocrx_word' id='word_1_36' title='bbox 891 1052 1032 1150; x_wconf 86' lang='lat' dir='ltr'>Ajacem</span> <span class='ocrx_word' id='word_1_37' title='bbox 1045 1074 1066 1121; x_wconf 85' lang='lat' dir='ltr'>a</span> <span class='ocrx_word' id='word_1_38' title='bbox 1077 1051 1129 1122; x_wconf 90' lang='lat' dir='ltr'>Ci-</span> 
     </span>
    </p>

    <p class='ocr_par' dir='ltr' id='par_1_5' title="bbox 72 1174 1126 1260">
     <span class='ocr_line' id='line_1_7' title="bbox 72 1174 1126 1260; baseline 0.003 -16"><span class='ocrx_word' id='word_1_39' title='bbox 72 1208 74 1212; x_wconf 94' lang='lat'>·</span> <span class='ocrx_word' id='word_1_40' title='bbox 115 1197 240 1245; x_wconf 88' lang='lat' dir='ltr'>eerone</span> <span class='ocrx_word' id='word_1_41' title='bbox 253 1175 420 1246; x_wconf 77' lang='lat' dir='ltr'>translate</span> <span class='ocrx_word' id='word_1_42' title='bbox 436 1176 541 1248; x_wconf 86' lang='lat' dir='ltr'>luisse</span> <span class='ocrx_word' id='word_1_43' title='bbox 560 1201 569 1247; x_wconf 73' lang='grc' dir='ltr'><strong>ι</strong></span> <span class='ocrx_word' id='word_1_44' title='bbox 590 1177 739 1248; x_wconf 89' lang='lat' dir='ltr'>nominis</span> <span class='ocrx_word' id='word_1_45' title='bbox 757 1177 814 1248; x_wconf 82' lang='lat' dir='ltr'>vix</span> <span class='ocrx_word' id='word_1_46' title='bbox 829 1199 944 1248; x_wconf 90' lang='lat' dir='ltr'>errore</span> <span class='ocrx_word' id='word_1_47' title='bbox 961 1174 1126 1260; x_wconf 84' lang='lat' dir='ltr'>notando,</span> 
     </span>
    </p>

    <p class='ocr_par' dir='ltr' id='par_1_6' title="bbox 115 1295 1126 1495">
     <span class='ocr_line' id='line_1_8' title="bbox 115 1295 1126 1398; baseline 0.004 -33"><span class='ocrx_word' id='word_1_48' title='bbox 115 1319 226 1390; x_wconf 90' lang='lat' dir='ltr'>quum</span> <span class='ocrx_word' id='word_1_49' title='bbox 239 1295 366 1398; x_wconf 68' lang='lat' dir='ltr'>aliofflri</span> <span class='ocrx_word' id='word_1_50' title='bbox 378 1323 500 1371; x_wconf 88' lang='lat' dir='ltr'>sensus</span> <span class='ocrx_word' id='word_1_51' title='bbox 520 1310 555 1371; x_wconf 90' lang='lat' dir='ltr'>et</span> <span class='ocrx_word' id='word_1_52' title='bbox 570 1299 671 1384; x_wconf 80' lang='lat' dir='ltr'>fides,</span> <span class='ocrx_word' id='word_1_53' title='bbox 692 1301 721 1371; x_wconf 92' lang='lat' dir='ltr'>si</span> <span class='ocrx_word' id='word_1_54' title='bbox 738 1301 854 1372; x_wconf 89' lang='lat' dir='ltr'>minus</span> <span class='ocrx_word' id='word_1_55' title='bbox 871 1324 909 1371; x_wconf 93' lang='lat' dir='ltr'>os</span> <span class='ocrx_word' id='word_1_56' title='bbox 925 1297 1126 1384; x_wconf 89' lang='lat' dir='ltr'>rotundum,</span> 
     </span>
     <span class='ocr_line' id='line_1_9' title="bbox 115 1419 374 1495; baseline 0.015 -4"><span class='ocrx_word' id='word_1_57' title='bbox 115 1419 166 1492; x_wconf 89' lang='lat' dir='ltr'>ibi</span> <span class='ocrx_word' id='word_1_58' title='bbox 184 1435 374 1495; x_wconf 89' lang='lat' dir='ltr'>serventur.</span> 
     </span>
    </p>
   </div>
   <div class='ocr_carea' id='block_1_4' title="bbox 86 1549 1131 1732">
    <p class='ocr_par' dir='ltr' id='par_1_7' title="bbox 86 1549 1131 1732">
     <span class='ocr_line' id='line_1_10' title="bbox 86 1549 1131 1700; baseline 0.001 -82"><span class='ocrx_word' id='word_1_59' title='bbox 86 1551 92 1700; x_wconf 53' lang='grc' dir='ltr'>ἓ</span> <span class='ocrx_word' id='word_1_60' title='bbox 167 1549 365 1621; x_wconf 85' lang='lat' dir='ltr'>Orationem</span> <span class='ocrx_word' id='word_1_61' title='bbox 389 1549 502 1623; x_wconf 87' lang='lat' dir='ltr'>adhuc</span> <span class='ocrx_word' id='word_1_62' title='bbox 519 1551 555 1621; x_wconf 92' lang='lat' dir='ltr'>in</span> <span class='ocrx_word' id='word_1_63' title='bbox 572 1575 676 1647; x_wconf 86' lang='lat' dir='ltr'>supra</span> <span class='ocrx_word' id='word_1_64' title='bbox 701 1551 921 1636; x_wconf 89' lang='lat' dir='ltr'>memoratis,</span> <span class='ocrx_word' id='word_1_65' title='bbox 941 1549 1008 1622; x_wconf 94' lang='lat' dir='ltr'>alio</span> <span class='ocrx_word' id='word_1_66' title='bbox 1025 1549 1131 1645; x_wconf 92' lang='lat' dir='ltr'>respi-</span> 
     </span>
     <span class='ocr_line' id='line_1_11' title="bbox 88 1700 94 1732; baseline 0 0"><span class='ocrx_word' id='word_1_67' title='bbox 88 1700 94 1732; x_wconf 85' lang='lat' dir='ltr'>l</span> 
     </span>
    </p>
   </div>
   <div class='ocr_carea' id='block_1_5' title="bbox 67 1657 1235 2404">
    <p class='ocr_par' dir='ltr' id='par_1_8' title="bbox 89 1657 1235 2270">
     <span class='ocr_line' id='line_1_12' title="bbox 89 1657 1132 1772; baseline 0.001 -29"><span class='ocrx_word' id='word_1_68' title='bbox 89 1733 94 1752; x_wconf 86' lang='grc'>,</span> <span class='ocrx_word' id='word_1_69' title='bbox 117 1684 268 1759; x_wconf 81' lang='lat' dir='ltr'>creatae,</span> <span class='ocrx_word' id='word_1_70' title='bbox 287 1676 344 1746; x_wconf 83' lang='lat' dir='ltr'>vix</span> <span class='ocrx_word' id='word_1_71' title='bbox 357 1657 579 1748; x_wconf 88' lang='lat' dir='ltr'>attendimus.</span> <span class='ocrx_word' id='word_1_72' title='bbox 606 1677 652 1748; x_wconf 84' lang='lat' dir='ltr'>At</span> <span class='ocrx_word' id='word_1_73' title='bbox 668 1677 705 1747; x_wconf 91' lang='lat' dir='ltr'>in</span> <span class='ocrx_word' id='word_1_74' title='bbox 723 1687 795 1748; x_wconf 89' lang='lat' dir='ltr'>tam</span> <span class='ocrx_word' id='word_1_75' title='bbox 811 1677 929 1772; x_wconf 77' lang='lat' dir='ltr'>paucis</span> <span class='ocrx_word' id='word_1_76' title='bbox 950 1699 1060 1772; x_wconf 91' lang='lat' dir='ltr'>pauca</span> <span class='ocrx_word' id='word_1_77' title='bbox 1082 1673 1132 1746; x_wconf 94' lang='lat' dir='ltr'>di-</span> 
     </span>
     <span class='ocr_line' id='line_1_13' title="bbox 115 1798 1235 1898; baseline 0.004 -28"><span class='ocrx_word' id='word_1_78' title='bbox 115 1798 226 1871; x_wconf 89' lang='lat' dir='ltr'>cenda</span> <span class='ocrx_word' id='word_1_79' title='bbox 254 1812 347 1872; x_wconf 90' lang='lat' dir='ltr'>sunt.</span> <span class='ocrx_word' id='word_1_80' title='bbox 375 1803 436 1873; x_wconf 93' lang='lat' dir='ltr'>Hic</span> <span class='ocrx_word' id='word_1_81' title='bbox 467 1803 570 1874; x_wconf 85' lang='lat' dir='ltr'>etiam</span> <span class='ocrx_word' id='word_1_82' title='bbox 599 1802 758 1898; x_wconf 85' lang='lat' dir='ltr'>epithetis</span> <span class='ocrx_word' id='word_1_83' title='bbox 790 1801 976 1898; x_wconf 86' lang='lat' dir='ltr'>aliquando</span> <span class='ocrx_word' id='word_1_84' title='bbox 1005 1801 1131 1874; x_wconf 81' lang='lat' dir='ltr'>diffluit</span> <span class='ocrx_word' id='word_1_85' title='bbox 1234 1837 1235 1840; x_wconf 40' lang='lat'>¹</span> 
     </span>
     <span class='ocr_line' id='line_1_14' title="bbox 114 1926 1131 2024; baseline 0.002 -28"><span class='ocrx_word' id='word_1_86' title='bbox 114 1948 256 2010; x_wconf 89' lang='lat' dir='ltr'>versus,</span> <span class='ocrx_word' id='word_1_87' title='bbox 281 1927 477 2024; x_wconf 82' lang='lat' dir='ltr'>longiorave</span> <span class='ocrx_word' id='word_1_88' title='bbox 497 1926 698 2014; x_wconf 84' lang='lat' dir='ltr'>¹contrahit;</span> <span class='ocrx_word' id='word_1_89' title='bbox 718 1926 833 1999; x_wconf 89' lang='lat' dir='ltr'>sedin</span> <span class='ocrx_word' id='word_1_90' title='bbox 853 1927 1025 2024; x_wconf 89' lang='lat' dir='ltr'>plerisque</span> <span class='ocrx_word' id='word_1_91' title='bbox 1046 1952 1131 2001; x_wconf 90' lang='lat' dir='ltr'>ver-</span> 
     </span>
     <span class='ocr_line' id='line_1_15' title="bbox 114 2047 1132 2146; baseline 0.003 -27"><span class='ocrx_word' id='word_1_92' title='bbox 114 2047 203 2120; x_wconf 90' lang='lat' dir='ltr'>bum</span> <span class='ocrx_word' id='word_1_93' title='bbox 217 2049 322 2122; x_wconf 90' lang='lat' dir='ltr'>verbo</span> <span class='ocrx_word' id='word_1_94' title='bbox 339 2049 484 2122; x_wconf 90' lang='lat' dir='ltr'>reddere</span> <span class='ocrx_word' id='word_1_95' title='bbox 505 2053 622 2124; x_wconf 87' lang='lat' dir='ltr'>Cicero</span> <span class='ocrx_word' id='word_1_96' title='bbox 638 2063 754 2136; x_wconf 89' lang='lat' dir='ltr'>curat,</span> <span class='ocrx_word' id='word_1_97' title='bbox 774 2075 853 2122; x_wconf 90' lang='lat' dir='ltr'>eum</span> <span class='ocrx_word' id='word_1_98' title='bbox 879 2050 1082 2146; x_wconf 81' lang='lat' dir='ltr'>exemplaris</span> <span class='ocrx_word' id='word_1_99' title='bbox 1097 2052 1132 2122; x_wconf 88' lang='lat' dir='ltr'>vi</span> 
     </span>
     <span class='ocr_line' id='line_1_16' title="bbox 115 2147 1155 2270; baseline 0 -28"><span class='ocrx_word' id='word_1_100' title='bbox 115 2182 152 2243; x_wconf 88' lang='lat' dir='ltr'>et</span> <span class='ocrx_word' id='word_1_101' title='bbox 168 2147 389 2270; x_wconf 81' lang='lat' dir='ltr'>imaginihus,</span> <span class='ocrx_word' id='word_1_102' title='bbox 408 2198 478 2245; x_wconf 93' lang='lat' dir='ltr'>non</span> <span class='ocrx_word' id='word_1_103' title='bbox 494 2175 544 2245; x_wconf 87' lang='lat' dir='ltr'>ita</span> <span class='ocrx_word' id='word_1_104' title='bbox 559 2174 658 2260; x_wconf 79' lang='lat' dir='ltr'>telin,</span> <span class='ocrx_word' id='word_1_105' title='bbox 679 2174 810 2246; x_wconf 89' lang='lat' dir='ltr'>audens</span> <span class='ocrx_word' id='word_1_106' title='bbox 828 2186 944 2246; x_wconf 90' lang='lat' dir='ltr'>tamen</span> <span class='ocrx_word' id='word_1_107' title='bbox 962 2172 1128 2255; x_wconf 87' lang='lat' dir='ltr'>decertet,</span> <span class='ocrx_word' id='word_1_108' title='bbox 1154 2239 1155 2242; x_wconf 74' lang='grc'>,</span> 
     </span>
    </p>

    <p class='ocr_par' dir='ltr' id='par_1_9' title="bbox 67 2293 1133 2404">
     <span class='ocr_line' id='line_1_17' title="bbox 67 2293 1133 2404; baseline 0.002 -36"><span class='ocrx_word' id='word_1_109' title='bbox 67 2293 95 2404; x_wconf 64' lang='lat' dir='ltr'>lt</span> <span class='ocrx_word' id='word_1_110' title='bbox 117 2308 152 2368; x_wconf 92' lang='lat' dir='ltr'>et</span> <span class='ocrx_word' id='word_1_111' title='bbox 170 2321 287 2393; x_wconf 88' lang='lat' dir='ltr'>presse</span> <span class='ocrx_word' id='word_1_112' title='bbox 311 2298 460 2394; x_wconf 88' lang='lat' dir='ltr'>plurima</span> <span class='ocrx_word' id='word_1_113' title='bbox 484 2301 663 2372; x_wconf 89' lang='lat' dir='ltr'>convertit.</span> <span class='ocrx_word' id='word_1_114' title='bbox 691 2299 744 2370; x_wconf 84' lang='lat' dir='ltr'>Ab</span> <span class='ocrx_word' id='word_1_115' title='bbox 768 2311 907 2371; x_wconf 90' lang='lat' dir='ltr'>auctore</span> <span class='ocrx_word' id='word_1_116' title='bbox 926 2300 1078 2371; x_wconf 90' lang='lat' dir='ltr'>monitus</span> <span class='ocrx_word' id='word_1_117' title='bbox 1098 2309 1133 2371; x_wconf 88' lang='lat' dir='ltr'>et</span> 
     </span>
    </p>
   </div>
   <div class='ocr_carea' id='block_1_6' title="bbox 55 2423 1135 3518">
    <p class='ocr_par' dir='ltr' id='par_1_10' title="bbox 71 2423 1133 2530">
     <span class='ocr_line' id='line_1_18' title="bbox 71 2423 1133 2530; baseline 0.002 -36"><span class='ocrx_word' id='word_1_118' title='bbox 71 2436 96 2530; x_wconf 62' lang='grc' dir='ltr'>ξξ</span> <span class='ocrx_word' id='word_1_119' title='bbox 117 2425 307 2509; x_wconf 90' lang='lat' dir='ltr'>coercitus,</span> <span class='ocrx_word' id='word_1_120' title='bbox 324 2425 419 2495; x_wconf 87' lang='lat' dir='ltr'>inani</span> <span class='ocrx_word' id='word_1_121' title='bbox 436 2425 689 2522; x_wconf 81' lang='lat' dir='ltr'>geminatorum</span> <span class='ocrx_word' id='word_1_122' title='bbox 705 2425 890 2497; x_wconf 87' lang='lat' dir='ltr'>verborum</span> <span class='ocrx_word' id='word_1_123' title='bbox 903 2426 1007 2520; x_wconf 85' lang='lat' dir='ltr'>copiae</span> <span class='ocrx_word' id='word_1_124' title='bbox 1019 2435 1053 2496; x_wconf 93' lang='lat' dir='ltr'>et</span> <span class='ocrx_word' id='word_1_125' title='bbox 1067 2423 1133 2496; x_wconf 91' lang='lat' dir='ltr'>sibi</span> 
     </span>
    </p>

    <p class='ocr_par' dir='ltr' id='par_1_11' title="bbox 73 2511 1133 2662">
     <span class='ocr_line' id='line_1_19' title="bbox 73 2511 1133 2662; baseline 0.001 -42"><span class='ocrx_word' id='word_1_126' title='bbox 73 2511 97 2662; x_wconf 67' lang='lat' dir='ltr'>ll</span> <span class='ocrx_word' id='word_1_127' title='bbox 116 2548 340 2620; x_wconf 85' lang='lat' dir='ltr'>similioribus</span> <span class='ocrx_word' id='word_1_128' title='bbox 369 2550 580 2620; x_wconf 86' lang='lat' dir='ltr'>ornamentis</span> <span class='ocrx_word' id='word_1_129' title='bbox 615 2549 770 2620; x_wconf 85' lang='lat' dir='ltr'>diffidere</span> <span class='ocrx_word' id='word_1_130' title='bbox 792 2556 866 2646; x_wconf 87' lang='lat' dir='ltr'>jam</span> <span class='ocrx_word' id='word_1_131' title='bbox 897 2549 1010 2620; x_wconf 83' lang='lat' dir='ltr'>discit.</span> <span class='ocrx_word' id='word_1_132' title='bbox 1039 2551 1133 2632; x_wconf 87' lang='lat' dir='ltr'>Quas</span> 
     </span>
    </p>

    <p class='ocr_par' dir='ltr' id='par_1_12' title="bbox 55 2658 1134 2758">
     <span class='ocr_line' id='line_1_20' title="bbox 55 2658 1134 2758; baseline -0.001 -12"><span class='ocrx_word' id='word_1_133' title='bbox 55 2658 66 2681; x_wconf 71' lang='lat'><strong><em>⁹</em></strong></span> <span class='ocrx_word' id='word_1_134' title='bbox 117 2674 284 2746; x_wconf 86' lang='lat' dir='ltr'>orationis</span> <span class='ocrx_word' id='word_1_135' title='bbox 298 2673 442 2744; x_wconf 90' lang='lat' dir='ltr'>virtutes</span> <span class='ocrx_word' id='word_1_136' title='bbox 461 2672 666 2758; x_wconf 86' lang='lat' dir='ltr'>ohservare,</span> <span class='ocrx_word' id='word_1_137' title='bbox 686 2696 730 2744; x_wconf 90' lang='lat' dir='ltr'>ne</span> <span class='ocrx_word' id='word_1_138' title='bbox 759 2671 872 2744; x_wconf 86' lang='lat' dir='ltr'>dicem</span> <span class='ocrx_word' id='word_1_139' title='bbox 892 2671 1075 2756; x_wconf 90' lang='lat' dir='ltr'>admirari,</span> <span class='ocrx_word' id='word_1_140' title='bbox 1094 2685 1134 2745; x_wconf 92' lang='lat' dir='ltr'>ut</span> 
     </span>
    </p>

    <p class='ocr_par' dir='ltr' id='par_1_13' title="bbox 118 2795 1133 2894">
     <span class='ocr_line' id='line_1_21' title="bbox 118 2795 1133 2894; baseline -0.003 -23"><span class='ocrx_word' id='word_1_141' title='bbox 118 2801 156 2871; x_wconf 91' lang='lat' dir='ltr'>in</span> <span class='ocrx_word' id='word_1_142' title='bbox 175 2797 341 2894; x_wconf 89' lang='lat' dir='ltr'>ampliore</span> <span class='ocrx_word' id='word_1_143' title='bbox 367 2798 464 2889; x_wconf 87' lang='lat' dir='ltr'>loeo,</span> <span class='ocrx_word' id='word_1_144' title='bbox 494 2798 685 2870; x_wconf 88' lang='lat' dir='ltr'>secundum</span> <span class='ocrx_word' id='word_1_145' title='bbox 711 2795 754 2869; x_wconf 93' lang='lat' dir='ltr'>de</span> <span class='ocrx_word' id='word_1_146' title='bbox 784 2799 971 2868; x_wconf 77' lang='lat' dir='ltr'>divinatione</span> <span class='ocrx_word' id='word_1_147' title='bbox 1004 2795 1133 2868; x_wconf 89' lang='lat' dir='ltr'>librum</span> 
     </span>
    </p>

    <p class='ocr_par' dir='ltr' id='par_1_14' title="bbox 120 2922 1131 3019">
     <span class='ocr_line' id='line_1_22' title="bbox 120 2922 1131 3019; baseline -0.002 -23"><span class='ocrx_word' id='word_1_148' title='bbox 120 2923 290 2996; x_wconf 87' lang='lat' dir='ltr'>evolventi</span> <span class='ocrx_word' id='word_1_149' title='bbox 307 2923 435 2995; x_wconf 88' lang='lat' dir='ltr'>licebit.</span> <span class='ocrx_word' id='word_1_150' title='bbox 460 2925 538 2996; x_wconf 83' lang='lat' dir='ltr'>Haec</span> <span class='ocrx_word' id='word_1_151' title='bbox 554 2947 617 2995; x_wconf 89' lang='lat' dir='ltr'>nos</span> <span class='ocrx_word' id='word_1_152' title='bbox 637 2933 824 3019; x_wconf 85' lang='lat' dir='ltr'>praemonet</span> <span class='ocrx_word' id='word_1_153' title='bbox 841 2922 980 2994; x_wconf 87' lang='lat' dir='ltr'>Cicero:</span> <span class='ocrx_word' id='word_1_154' title='bbox 1008 2950 1023 2990; x_wconf 77' lang='lat' dir='ltr'>v</span> <span class='ocrx_word' id='word_1_155' title='bbox 1042 2924 1131 2994; x_wconf 89' lang='lat' dir='ltr'>Nem</span> 
     </span>
    </p>

    <p class='ocr_par' dir='ltr' id='par_1_15' title="bbox 89 3030 1131 3143">
     <span class='ocr_line' id='line_1_23' title="bbox 89 3030 1131 3143; baseline -0.001 -24"><span class='ocrx_word' id='word_1_156' title='bbox 89 3030 92 3037; x_wconf 39' lang='lat'>¹</span> <span class='ocrx_word' id='word_1_157' title='bbox 120 3047 207 3120; x_wconf 92' lang='lat' dir='ltr'>illud</span> <span class='ocrx_word' id='word_1_158' title='bbox 236 3049 394 3134; x_wconf 91' lang='lat' dir='ltr'>mirarer,</span> <span class='ocrx_word' id='word_1_159' title='bbox 425 3049 454 3119; x_wconf 89' lang='lat' dir='ltr'>si</span> <span class='ocrx_word' id='word_1_160' title='bbox 482 3048 675 3131; x_wconf 90' lang='lat' dir='ltr'>crederem,</span> <span class='ocrx_word' id='word_1_161' title='bbox 703 3045 795 3143; x_wconf 91' lang='lat' dir='ltr'>quod</span> <span class='ocrx_word' id='word_1_162' title='bbox 824 3045 916 3143; x_wconf 88' lang='lat' dir='ltr'>apud</span> <span class='ocrx_word' id='word_1_163' title='bbox 945 3049 1131 3118; x_wconf 90' lang='lat' dir='ltr'>Homerum</span> 
     </span>
    </p>

    <p class='ocr_par' dir='ltr' id='par_1_16' title="bbox 121 3171 1132 3270">
     <span class='ocr_line' id='line_1_24' title="bbox 121 3171 1132 3270; baseline 0 -26"><span class='ocrx_word' id='word_1_164' title='bbox 121 3171 237 3244; x_wconf 83' lang='lat' dir='ltr'>dixisti</span> <span class='ocrx_word' id='word_1_165' title='bbox 253 3196 295 3244; x_wconf 87' lang='lat' dir='ltr'>ex</span> <span class='ocrx_word' id='word_1_166' title='bbox 307 3196 486 3269; x_wconf 89' lang='lat' dir='ltr'>passerum</span> <span class='ocrx_word' id='word_1_167' title='bbox 503 3195 647 3243; x_wconf 90' lang='lat' dir='ltr'>numero</span> <span class='ocrx_word' id='word_1_168' title='bbox 663 3171 744 3242; x_wconf 90' lang='lat' dir='ltr'>helli</span> <span class='ocrx_word' id='word_1_169' title='bbox 759 3172 883 3269; x_wconf 86' lang='lat' dir='ltr'>trojani</span> <span class='ocrx_word' id='word_1_170' title='bbox 900 3195 1008 3243; x_wconf 87' lang='lat' dir='ltr'>annos</span> <span class='ocrx_word' id='word_1_171' title='bbox 1026 3196 1132 3270; x_wconf 81' lang='lat' dir='ltr'>augu-</span> 
     </span>
    </p>

    <p class='ocr_par' dir='ltr' id='par_1_17' title="bbox 88 3286 1135 3518">
     <span class='ocr_line' id='line_1_25' title="bbox 88 3286 1135 3396; baseline 0 -26"><span class='ocrx_word' id='word_1_172' title='bbox 88 3344 93 3362; x_wconf 53' lang='grc' dir='ltr'><strong>ι</strong></span> <span class='ocrx_word' id='word_1_173' title='bbox 122 3309 237 3370; x_wconf 88' lang='lat' dir='ltr'>ratum</span> <span class='ocrx_word' id='word_1_174' title='bbox 255 3325 263 3371; x_wconf 91' lang='lat'>:</span> <span class='ocrx_word' id='word_1_175' title='bbox 284 3297 327 3372; x_wconf 90' lang='lat' dir='ltr'>de</span> <span class='ocrx_word' id='word_1_176' title='bbox 344 3306 440 3396; x_wconf 76' lang='lat' dir='ltr'>quus</span> <span class='ocrx_word' id='word_1_177' title='bbox 458 3305 655 3396; x_wconf 87' lang='lat' dir='ltr'>conjectura</span> <span class='ocrx_word' id='word_1_178' title='bbox 679 3298 728 3370; x_wconf 92' lang='lat' dir='ltr'>sic</span> <span class='ocrx_word' id='word_1_179' title='bbox 746 3294 838 3393; x_wconf 84' lang='lat' dir='ltr'>apud</span> <span class='ocrx_word' id='word_1_180' title='bbox 865 3286 1073 3384; x_wconf 78' lang='lat' dir='ltr'>Homerum,</span> <span class='ocrx_word' id='word_1_181' title='bbox 1095 3309 1135 3370; x_wconf 91' lang='lat' dir='ltr'>ut</span> 
     </span>
     <span class='ocr_line' id='line_1_26' title="bbox 122 3419 986 3518; baseline -0.002 -24"><span class='ocrx_word' id='word_1_182' title='bbox 122 3447 186 3495; x_wconf 90' lang='lat' dir='ltr'>nos</span> <span class='ocrx_word' id='word_1_183' title='bbox 199 3425 299 3496; x_wconf 90' lang='lat' dir='ltr'>otiosi</span> <span class='ocrx_word' id='word_1_184' title='bbox 312 3423 561 3505; x_wconf 86' lang='lat' dir='ltr'>convertimus,</span> <span class='ocrx_word' id='word_1_185' title='bbox 583 3421 736 3518; x_wconf 92' lang='lat' dir='ltr'>loquitur</span> <span class='ocrx_word' id='word_1_186' title='bbox 751 3419 986 3517; x_wconf 84' lang='lat' dir='ltr'>Agamemno:</span> 
     </span>
    </p>
   </div>
   <div class='ocr_carea' id='block_1_7' title="bbox 204 3611 1092 4026">
    <p class='ocr_par' dir='ltr' id='par_1_18' title="bbox 205 3611 931 3691">
     <span class='ocr_line' id='line_1_27' title="bbox 205 3611 931 3691; baseline -0.006 -9"><span class='ocrx_word' id='word_1_187' title='bbox 205 3619 294 3682; x_wconf 86' lang='lat' dir='ltr'>Ferte</span> <span class='ocrx_word' id='word_1_188' title='bbox 308 3621 379 3691; x_wconf 85' lang='lat' dir='ltr'>viri,</span> <span class='ocrx_word' id='word_1_189' title='bbox 399 3623 429 3680; x_wconf 89' lang='lat' dir='ltr'>et</span> <span class='ocrx_word' id='word_1_190' title='bbox 446 3620 536 3680; x_wconf 91' lang='lat' dir='ltr'>duros</span> <span class='ocrx_word' id='word_1_191' title='bbox 551 3611 650 3680; x_wconf 81' lang='lat' dir='ltr'>aninlo</span> <span class='ocrx_word' id='word_1_192' title='bbox 664 3618 790 3678; x_wconf 88' lang='lat' dir='ltr'>tolerate</span> <span class='ocrx_word' id='word_1_193' title='bbox 803 3617 931 3691; x_wconf 77' lang='lat' dir='ltr'>lahoreS,</span> 
     </span>
    </p>

    <p class='ocr_par' dir='ltr' id='par_1_19' title="bbox 204 3725 905 3803">
     <span class='ocr_line' id='line_1_28' title="bbox 204 3725 905 3803; baseline -0.004 -15"><span class='ocrx_word' id='word_1_194' title='bbox 204 3727 335 3802; x_wconf 79' lang='lat' dir='ltr'>Auguris</span> <span class='ocrx_word' id='word_1_195' title='bbox 347 3732 382 3788; x_wconf 92' lang='lat' dir='ltr'>ut</span> <span class='ocrx_word' id='word_1_196' title='bbox 395 3729 487 3788; x_wconf 87' lang='lat' dir='ltr'>nostri</span> <span class='ocrx_word' id='word_1_197' title='bbox 499 3725 668 3788; x_wconf 84' lang='lat' dir='ltr'>Cachantis</span> <span class='ocrx_word' id='word_1_198' title='bbox 682 3725 745 3786; x_wconf 87' lang='lat' dir='ltr'>fata</span> <span class='ocrx_word' id='word_1_199' title='bbox 759 3743 905 3803; x_wconf 90' lang='lat' dir='ltr'>queamus</span> 
     </span>
    </p>

    <p class='ocr_par' dir='ltr' id='par_1_20' title="bbox 204 3833 1092 4026">
     <span class='ocr_line' id='line_1_29' title="bbox 207 3833 991 3916; baseline -0.008 -18"><span class='ocrx_word' id='word_1_200' title='bbox 207 3833 304 3911; x_wconf 83' lang='lat' dir='ltr'>Scire,</span> <span class='ocrx_word' id='word_1_201' title='bbox 320 3841 440 3898; x_wconf 88' lang='lat' dir='ltr'>ratosne</span> <span class='ocrx_word' id='word_1_202' title='bbox 450 3835 580 3898; x_wconf 88' lang='lat' dir='ltr'>habeant</span> <span class='ocrx_word' id='word_1_203' title='bbox 595 3855 634 3897; x_wconf 85' lang='lat' dir='ltr'>en</span> <span class='ocrx_word' id='word_1_204' title='bbox 652 3853 743 3896; x_wconf 88' lang='lat' dir='ltr'>vanos</span> <span class='ocrx_word' id='word_1_205' title='bbox 757 3837 883 3916; x_wconf 89' lang='lat' dir='ltr'>pectoris</span> <span class='ocrx_word' id='word_1_206' title='bbox 895 3850 991 3894; x_wconf 88' lang='lat' dir='ltr'>orsus.</span> 
     </span>
     <span class='ocr_line' id='line_1_30' title="bbox 204 3945 1092 4026; baseline -0.005 -20"><span class='ocrx_word' id='word_1_207' title='bbox 204 3945 340 4025; x_wconf 88' lang='lat' dir='ltr'>Namque</span> <span class='ocrx_word' id='word_1_208' title='bbox 355 3965 458 4006; x_wconf 91' lang='lat' dir='ltr'>omnes</span> <span class='ocrx_word' id='word_1_209' title='bbox 475 3948 600 4008; x_wconf 88' lang='lat' dir='ltr'>memori</span> <span class='ocrx_word' id='word_1_210' title='bbox 614 3951 785 4026; x_wconf 89' lang='lat' dir='ltr'>portentum</span> <span class='ocrx_word' id='word_1_211' title='bbox 801 3949 901 4008; x_wconf 88' lang='lat' dir='ltr'>mente</span> <span class='ocrx_word' id='word_1_212' title='bbox 915 3946 1092 4022; x_wconf 83' lang='lat' dir='ltr'>retractapt,</span> 
     </span>
    </p>
   </div>
   <div class='ocr_carea' id='block_1_8' title="bbox 162 4165 589 4238">
    <p class='ocr_par' dir='ltr' id='par_1_21' title="bbox 162 4165 589 4238">
     <span class='ocr_line' id='line_1_31' title="bbox 162 4165 589 4238; baseline 0.005 -18"><span class='ocrx_word' id='word_1_213' title='bbox 162 4165 197 4235; x_wconf 83' lang='lat' dir='ltr'>(t)</span> <span class='ocrx_word' id='word_1_214' title='bbox 218 4166 302 4222; x_wconf 81' lang='lat' dir='ltr'>Avlvs</span> <span class='ocrx_word' id='word_1_215' title='bbox 319 4166 434 4238; x_wconf 79' lang='lat' dir='ltr'>Gellius,</span> <span class='ocrx_word' id='word_1_216' title='bbox 450 4167 468 4224; x_wconf 88' lang='lat' dir='ltr'>l.</span> <span class='ocrx_word' id='word_1_217' title='bbox 489 4171 531 4238; x_wconf 78' lang='lat' dir='ltr'>tt,</span> <span class='ocrx_word' id='word_1_218' title='bbox 545 4171 589 4225; x_wconf 72' lang='lat'>26.</span> 
     </span>
    </p>
   </div>
   <div class='ocr_carea' id='block_1_9' title="bbox 0 0 1453 4866">
    <p class='ocr_par' dir='ltr' id='par_1_22' title="bbox 0 0 1453 4866">
     <span class='ocr_line' id='line_1_32' title="bbox 0 0 1453 4866; baseline 0 0"><span class='ocrx_word' id='word_1_219' title='bbox 0 0 1453 4866; x_wconf 95' lang='lat' dir='ltr'> </span> 
     </span>
    </p>
   </div>
  </div>
 </body>
</html>
