2836 4880
715 365 876 422 ..13-

288 500 383 576 Talia
399 500 533 574 silentio
549 497 648 572 faeile
665 497 1020 595 pretermitteremus.
1040 495 1107 572 Ubi
1122 519 1205 572 uero
1219 519 1308 593 poe·

288 626 335 696 sis
353 625 478 722 agitur,
504 645 618 694 sermo
639 645 756 694 merus
778 632 814 694 et
832 619 1005 718 pedestris
1026 620 1126 694 nobis
1150 621 1306 694 maxime
1392 621 1393 624 ’

287 746 415 822 sordet.
445 744 535 830 Quid
561 757 679 818 autem
709 746 784 818 istis
810 756 845 816 et
871 744 1040 818 similibus
1067 745 1165 818 humi
1193 747 1306 844 serpit

286 872 452 972 abjeetius
471 896 480 942 :

366 1074 525 1150 Ingenium
541 1075 611 1152 quoi
628 1073 711 1136 nulla
726 1073 840 1159 malum
854 1075 999 1136 sententia
1011 1073 1117 1136 suadet

364 1181 674 1258 dilacerantium
690 1183 780 1254 levis,
795 1181 877 1243 haud
888 1182 990 1256 malu',
1006 1183 1115 1256 doetu',
1128 1181 1234 1255 tidelis,

366 1291 472 1354 Suavis
486 1292 592 1365 bomo,
610 1290 763 1365 lacundu’,
782 1310 836 1352 suo
851 1293 1015 1366 eontentu’,
1030 1292 1150 1365 beatus,
1167 1299 1225 1352 eto.

365 1507 492 1568 Additur
507 1509 607 1566 orator
621 1505 768 1569 Corneliu’
783 1506 1009 1584 suaveloquenti

366 1615 426 1678 Ore
440 1614 588 1690 Cethegus
601 1614 726 1690 Marou',
744 1615 894 1680 Tuditano
907 1615 1032 1690 collega.

334 1820 394 1894 llle
410 1846 491 1896 vero
519 1835 640 1920 poeta,
662 1822 722 1896 ubi
741 1824 893 1918 primum
909 1823 947 1894 in
965 1845 1040 1894 rem
1058 1823 1210 1894 earmina
1227 1819 1304 1919 dig-

285 1948 431 2032 niorem,
451 1959 485 2019 et
505 1971 568 2020 suo
585 1948 754 2044 aptiorem
773 1947 926 2045 ingenio,
947 1948 984 2020 in
1001 1969 1099 2020 arma
1116 1944 1245 2020 seilicet
1265 1957 1304 2018 et

269 2143 271 2146 .
285 2069 408 2142 heroas
419 2070 556 2156 insidit,
573 2071 697 2142 animis
710 2071 828 2144 statim
841 2069 1000 2154 exardet,
1014 2068 1127 2143 verbis
1140 2067 1298 2154 ditescit,

284 2195 370 2266 vivis
386 2193 557 2294 coloribus
576 2217 632 2264 res
649 2194 813 2291 expingit.
832 2193 928 2264 Alter
946 2195 1114 2264 Homerus
1136 2192 1300 2268 bellicum

285 2341 408 2389 canere
426 2316 585 2389 videtur:

366 2518 405 2580 Et
418 2523 490 2580 tune
503 2499 582 2580 sieut
593 2535 688 2596 equus
702 2521 769 2596 qui,
786 2518 824 2579 de
837 2517 1020 2598 praesepibus
1034 2522 1133 2592 aetus,

366 2627 471 2690 Vincla
485 2629 563 2689 sueis
575 2629 709 2702 magneis
729 2627 836 2689 animis
852 2627 1019 2707 abrumpit,
1037 2631 1067 2688 et
1080 2627 1169 2688 indu·

365 2737 436 2800 Fert
449 2755 512 2798 sese
526 2739 624 2816 campi
641 2756 694 2816 per
710 2737 832 2810 caerula,
847 2737 978 2815 laetaque
991 2742 1095 2818 prata,

366 2845 451 2906 Celso
469 2849 601 2924 pectore,
618 2861 697 2924 saepe
713 2845 819 2924 jubam
833 2850 955 2922 quassat
968 2846 1058 2908 simul
1074 2846 1189 2908 altam:

368 2953 495 3032 Spiritus
510 2972 546 3014 ex
561 2954 661 3014 anima
675 2953 770 3014 calida
786 2972 907 3032 spumas
923 2955 985 3030 agit
999 2955 1092 3018 albas.

287 3166 426 3238 Homeri
438 3188 575 3260 quoque
585 3165 655 3235 vim
667 3175 700 3235 et
712 3165 880 3260 impetum
891 3167 927 3236 in
939 3167 1100 3265 subjectis
1111 3193 1296 3268 agnoscas:

368 3367 396 3428 lt
407 3383 517 3444 equus,
530 3370 560 3426 et
572 3367 679 3446 plausu
692 3385 766 3428 aava
781 3369 911 3428 concutit
924 3369 1039 3444 ungula
1051 3375 1181 3446 terram3

368 3477 495 3538 Tollitur
507 3476 540 3536 in
553 3476 662 3538 coelum
677 3477 791 3538 clamor
806 3482 927 3540 exortus
939 3481 1091 3557 utrinque.

369 3585 558 3648 Concurrunt
572 3588 653 3646 venti
666 3587 777 3660 veluti,
795 3606 891 3665 quum
906 3591 1026 3669 spiritus
1038 3591 1131 3651 austri

369 3694 548 3768 Imbrieitor,
563 3693 722 3772 aquilaque
735 3712 790 3756 suo
800 3713 872 3758 eum
884 3696 1006 3760 flamine
1023 3701 1127 3762 eonba

368 3802 447 3866 Indu
463 3805 540 3866 mari
554 3821 665 3877 magno
677 3804 786 3868 fluetus
799 3805 942 3870 extollere
955 3811 1083 3870 sertam.

369 3911 504 3990 Undique
520 3913 713 3985 conveniunt,
730 3914 814 3974 velut
827 3913 935 3988 imber,
948 3915 1010 3976 tela
1021 3916 1159 3991 tribun03

370 4021 531 4096 Conligunt
543 4039 694 4102 parmam,
710 4023 800 4084 tinnit
812 4023 968 4085 hastilibus
980 4025 1088 4100 umbo,

373 4131 484 4194 AErate
497 4135 625 4196 sonitant
639 4133 813 4208 galeae,sed
830 4153 885 4194 nee
902 4139 971 4213 pota
988 4137 1145 4214 quisquam
