2866 4866
598 390 753 447 „85-

174 579 179 588 .
216 525 294 594 Hae
310 524 415 620 igitur
428 523 620 620 fragmenta
639 525 779 620 propria
791 525 963 596 Ciceronis
980 549 1055 596 osse
1073 525 1176 596 conli-

166 644 304 730 dimus,
326 670 473 742 quorum
489 647 564 742 ipso
578 647 717 718 nomine
732 671 858 744 graecos
875 658 1030 718 auctores
1043 647 1174 733 laudat,

166 795 242 867 quae
256 782 498 844 seconrertere
511 759 705 868 profitetur,
721 784 860 869 etqua,
880 775 1019 845 nomine
1036 776 1177 870 scripto-

165 899 214 970 ris
241 899 387 984 omisso,
419 923 522 996 opere
549 900 624 996 ipso
657 898 857 995 collatisque
882 899 964 970 locis
996 899 1176 971 manifesto

164 1021 369 1120 produntur.
406 1026 484 1095 Haec
519 1035 654 1094 tantum
682 1022 932 1096 consideranda
963 1025 1173 1124 seponimus.

164 1149 279 1232 Quum
290 1159 407 1222 autem
426 1149 470 1220 ad
488 1151 574 1222 varii
588 1150 722 1247 generis
739 1149 933 1246 fragmenta
949 1148 1021 1222 haec
1033 1162 1177 1222 contro-

163 1273 276 1344 versia
292 1273 479 1369 pertineat,
499 1273 595 1346 illam
611 1275 728 1346 statim
744 1273 840 1346 litem
857 1275 1055 1348 universam
1073 1275 1178 1346 resol-

162 1420 243 1468 vere
256 1421 326 1469 non
335 1422 574 1494 properamus.
587 1397 654 1470 Sed
664 1399 849 1495 unicuique
858 1418 1023 1496 generum
1035 1399 1079 1471 ad
1091 1399 1176 1472 illud

162 1522 310 1592 attinens
324 1521 525 1619 disceptatio
542 1523 641 1596 nobis
658 1523 898 1622 conjungenda
915 1524 1064 1597 videtur.

210 1641 316 1714 Nobis
349 1645 455 1742 igitur
482 1646 527 1716 sit
560 1645 603 1717 ab
629 1649 777 1718 Homero
809 1647 1039 1745 principium,
1072 1671 1177 1744 quem

162 1769 367 1865 AEsehylus,
404 1771 609 1868 Sophocles,
636 1772 840 1868 Euripides,
869 1774 1089 1870 minoresque
1118 1771 1176 1843 alii

162 1905 362 1990 sequentur.
382 1896 436 1966 Sic
451 1897 543 1966 enim
556 1907 752 1992 temporum
769 1897 925 1968 ordinem
942 1922 1012 1969 nou
1031 1910 1176 1970 contur-

160 2017 304 2104 bamus,
333 2031 368 2090 et
394 2019 475 2091 inde
502 2021 697 2117 perspicere
721 2021 856 2106 licebit,
886 2033 1005 2093 utrum
1032 2023 1173 2106 Cicero,

161 2155 346 2241 postquam
365 2145 463 2216 Arati
485 2147 742 2218 conversionem
762 2147 933 2218 emisisset
951 2146 1173 2232 adolescens,

160 2269 261 2340 annis
277 2271 444 2364 maturior
457 2271 493 2340 in
511 2271 696 2342 excolenda
710 2273 805 2368 poesi
819 2261 1013 2368 profecerit.

206 2397 283 2467 Non
307 2397 357 2467 ita
375 2395 510 2493 pridem
535 2399 626 2468 inter
643 2399 778 2470 criticos
802 2399 972 2470 incertum
995 2411 1092 2484 erat,
1115 2409 1175 2472 aut

159 2519 274 2615 potius
301 2521 357 2590 vix
383 2520 612 2615 quaerebatur,
637 2532 754 2592 utrum
779 2523 948 2616 quosdam
971 2547 1051 2594 vere
1080 2523 1174 2596 locos

160 2645 308 2742 egraecis
322 2643 518 2716 auctoribus
526 2643 632 2716 latino
643 2647 794 2716 carmine
807 2646 923 2717 Cicero
934 2649 1170 2720 convertisset.

157 2769 352 2852 Recentius,
369 2766 552 2865 adjuvante
575 2767 712 2852 Nonne,
732 2768 882 2865 plurima
899 2768 1062 2866 colligens
1076 2771 1172 2842 Orel-

157 2893 239 2979 lius,
254 2918 329 2990 quae
348 2917 390 2965 ex
400 2894 539 2964 Homeri
557 2893 767 2966 cauninibus
781 2895 898 2966 Cicero
916 2895 1168 2981 transtulisset,

158 3017 324 3090 nonnulla
340 3029 457 3090 tamen
470 3019 598 3090 omisit.
618 3019 769 3092 Pretium
787 3030 839 3090 est
856 3019 961 3117 igitur
975 3043 1087 3116 operae
1106 3031 1171 3092 tes-

158 3143 301 3216 timonia
313 3143 488 3238 proferre,
517 3138 643 3238 quihus
658 3167 721 3214 sua
732 3150 811 3242 jure
831 3145 947 3216 Cicero
957 3151 1031 3242 jam
1052 3145 1171 3218 vindi-

157 3269 266 3353 cavit,
283 3279 318 3340 ct
336 3291 425 3338 nova
440 3268 576 3362 repetit.

204 3397 280 3466 lam
296 3393 410 3465 Livius
428 3391 645 3464 Andronicus
665 3393 832 3484 Odyssean
856 3405 1083 3466 converterat.
1104 3396 1170 3466 Ni-

156 3517 343 3590 hilominus
359 3540 402 3588 ex
421 3540 461 3588 ea
479 3540 554 3612 quae
571 3516 708 3601 laudat,
728 3513 852 3590 incude
869 3542 958 3591 nova
974 3521 1090 3592 Cicero
1107 3518 1170 3606 dil-

156 3641 269 3740 fingit.
286 3645 365 3714 Haec
384 3640 453 3714 duo
470 3651 606 3712 tantum
623 3640 737 3712 adhuc
755 3654 890 3738 reperta
903 3652 1008 3714 sunt:
1174 3632 1178 3642 ’

104 3820 106 3826 ’
197 3832 321 3894 l⁰Tales
330 3837 399 3892 sunt
412 3809 570 3894 hominum
584 3799 714 3906 mentes,
731 3833 828 3910 qualis
842 3837 928 3918 pater
941 3833 1004 3912 ipse

237 3943 354 4023 Jupiter
369 3942 527 4004 auctiferas
540 3943 679 4022 lustravit
689 3943 828 4024 lampade
842 3949 936 4004 terras
952 3941 1004 4026 (lp
1048 3949 1054 3964 ’

128 4236 131 4240 .
191 4168 226 4236 (t)
246 4167 296 4236 Ap.
308 4167 373 4236 Aug.
389 4164 421 4220 dc
435 4166 496 4222 Oto.
512 4167 551 4251 ot,
566 4169 582 4222 Ι.
596 4172 621 4237 5,
635 4182 659 4224 c.
673 4173 700 4225 8.
716 4167 812 4241 Odyss.
826 4172 869 4238 ta,
884 4172 945 4224 tao.
