2866 4866
747 391 928 452 -tsl-

328 547 390 595 suo
414 520 619 607 consulatu,
645 521 731 594 nihil
759 523 848 620 agit3
880 519 1018 595 auditor
1040 530 1176 593 tanturn
1200 519 1344 607 adstat,

328 644 425 715 autsi
438 643 556 716 forsan
567 643 762 730 interfatur,
775 667 892 717 coram
905 642 985 729 diis,
1001 667 1101 716 suam
1112 645 1186 741 ipse
1197 643 1347 742 gloriam

322 769 508 865 jactatione
524 766 691 840 venditat.
711 767 948 852 Quorumdam
974 765 1130 863 exemplo
1148 769 1348 840 Graecorum

327 889 524 961 Ciceronem
543 889 774 974 Quintilianus
794 900 954 976 excuset,
974 889 1192 984 aliquatenus
1211 889 1349 962 intelli-

328 1015 432 1112 gitur.
466 1017 617 1088 Fuerunt
645 1016 790 1088 fortasse
820 1016 1013 1111 superiores
1043 1024 1181 1110 poetae,
1214 1016 1275 1111 qui
1309 1039 1348 1087 se

329 1139 473 1211 deorum
505 1139 648 1212 concilio
679 1139 839 1210 finxerint
869 1137 1052 1210 admissos.
1084 1135 1207 1209 Nullus
1237 1161 1345 1225 vero,

330 1263 423 1360 quod
438 1263 595 1350 credam,
615 1263 681 1335 sibi
698 1264 842 1336 deorum
861 1283 1023 1334 coronam
1041 1259 1289 1347 circumdedit,
1308 1274 1348 1334 ut

331 1411 408 1483 qtrae
426 1387 589 1485 gessisset
604 1388 678 1484 ipse
695 1386 888 1458 doceretur.
909 1384 939 1456 A
955 1384 1021 1456 diis
1035 1383 1197 1480 equidem
1214 1386 1347 1457 moneri

330 1521 451 1606 poeta,
470 1509 613 1581 minime
629 1532 710 1582 vero
727 1507 862 1580 laudari
884 1507 1009 1604 potuit.
1036 1507 1121 1591 Quis
1147 1508 1241 1580 enim
1259 1508 1348 1580 inter

330 1643 450 1730 poetas
466 1656 595 1730 grecos
610 1643 682 1704 tam
698 1631 860 1728 praeclare
878 1631 976 1704 lactis
997 1631 1197 1705 nobilitatus
1215 1641 1288 1717 est,
1310 1643 1348 1704 ut

330 1758 485 1855 ipsorum
509 1756 756 1830 immortalium
774 1755 1001 1848 admiratione
1019 1777 1061 1826 se
1081 1753 1228 1852 dignum
1252 1753 1347 1826 arbi-

332 1876 504 1952 traretur?
521 1878 620 1952 Unde
635 1877 836 1963 Quintiliani
854 1865 1120 1974 praedixerim,
1139 1877 1205 1950 hoc
1221 1901 1347 1952 novum

332 2004 501 2100 poematis
516 2026 647 2102 genus,
669 2027 691 2074 a
708 2003 890 2087 Cicerone,
909 2025 979 2074 non
997 2002 1047 2074 ita
1062 2000 1206 2074 feliciter
1224 2002 1349 2073 inven-

333 2137 408 2198 tum
435 2127 561 2212 fuisso,
588 2150 657 2223 quo
679 2125 728 2198 dii
751 2127 926 2198 terrestris
953 2123 1078 2198 labulae
1100 2124 1195 2198 velut
1218 2135 1349 2198 actores

334 2247 555 2320 inducantur.

383 2371 419 2442 Si
445 2395 526 2444 vero
555 2370 648 2446 istud
679 2373 792 2468 operis
824 2370 1029 2456 consilium,
1061 2369 1166 2444 semel
1202 2369 1351 2440 institu-

336 2502 430 2576 tum,
459 2493 611 2566 Ciceroni
642 2492 733 2565 male
773 2493 899 2578 cessit,
924 2493 961 2564 in
987 2491 1081 2574 idem
1110 2492 1162 2564 bis
1186 2490 1352 2564 incidisse

335 2628 464 2714 quanto
490 2618 605 2690 minus
624 2617 873 2716 ignoscendum
893 2615 968 2688 est!
988 2619 1075 2690 Sunt
1092 2628 1207 2688 autem
1230 2615 1293 2711 qui
1308 2614 1351 2688 ad

335 2766 459 2839 poema
488 2744 537 2813 Dc
564 2747 747 2834 moeniae
774 2745 837 2814 suia
866 2743 1121 2816 excusationem
1149 2740 1352 2826 Quintiliani

336 2865 498 2938 referant.
516 2865 630 2948 Quum
646 2866 751 2963 igitur
767 2874 900 2936 constet
921 2865 1122 2936 Ciceronem
1140 2864 1178 2936 in
1200 2864 1352 2934 carmine

337 2986 380 3060 de
402 2985 582 3058 consulatu
607 2985 674 3058 diis
699 2987 895 3058 immixtum
920 2985 1076 3071 adstare,
1098 2987 1127 3057 si
1156 3009 1277 3058 rursus
1302 2983 1353 3055 illi

337 3109 529 3182 celestium
541 3108 667 3182 chorus
680 3132 860 3207 assurgere
873 3108 1037 3206 fingatur,
1054 3131 1124 3180 non
1138 3105 1354 3206 excogitandi

340 3257 440 3305 suam
457 3232 650 3306 ubertatem
668 3245 777 3330 poctae
788 3233 983 3332 gratuleris.
999 3235 1073 3332 Ego
1085 3257 1181 3319 vero,
1199 3231 1355 3304 medinm

339 3355 430 3428 inter
443 3356 577 3429 criticos
590 3358 656 3430 iter
668 3368 808 3442 tenens,
821 3380 891 3430 non
902 3356 1108 3429 crediderim
1120 3357 1250 3428 iterum
1263 3354 1356 3427 coeli-

340 3481 424 3554 colis
437 3504 475 3554 sc
488 3481 673 3556 insaniisse
690 3483 905 3568 Ciceronem,
926 3481 987 3554 sed
1003 3481 1096 3578 apud
1114 3505 1259 3578 superos
1273 3504 1356 3576 quo-

342 3632 409 3704 que
432 3611 481 3678 De
504 3613 684 3699 tenporibus
711 3611 774 3678 suis
797 3607 949 3680 fabulam
977 3608 1118 3705 peragi,
1145 3629 1255 3703 quum
1281 3605 1356 3702 ipse

342 3730 467 3807 dixerit
486 3757 496 3805 z
518 3759 534 3800 ι
556 3733 674 3827 ltaque
690 3731 874 3804 mirificum
899 3740 1012 3818 tantos
1032 3731 1144 3828 cogito
1170 3730 1208 3802 in
1227 3753 1359 3802 seeun-

343 3856 428 3929 dum
449 3879 607 3930 meorum
625 3855 794 3929 librorum
815 3855 1011 3940 includere,
1038 3853 1211 3926 dicentem
1227 3851 1360 3950 Apolli-

344 4005 425 4054 nem
440 3982 477 4052 in
493 3980 635 4054 concilio
653 3980 814 4067 deornm,
834 3981 946 4079 qualis
967 3979 1099 4052 reditus
1119 3977 1270 4052 ducrum
1285 3979 1359 4048 im-

343 4115 541 4201 peratorum
557 4105 694 4178 futurus
711 4114 813 4178 esset.
834 4133 851 4174 s
872 4102 926 4176 Ad
943 4104 1129 4188 Quintum,
1150 4101 1175 4176 l.
1197 4105 1240 4186 3,
1262 4105 1297 4186 1,
1318 4104 1355 4173 7.
