2866 4866
705 395 739 406 -
764 365 824 426 {06
848 399 883 408 ..

337 499 484 573 Multum
501 498 606 594 igitur
630 495 729 568 abest
753 508 792 569 ut
810 497 965 581 Attium,
985 497 1143 593 quanam
1165 498 1308 600 animof

290 648 368 696 sum
384 634 418 696 et
433 621 560 707 altum,
577 620 621 694 ad
636 621 725 694 hanc
741 620 881 695 laudem
894 621 1044 694 evasisse
1059 621 1313 695 concedamus·

288 747 390 844 Apud
405 746 504 818 illum
521 745 656 844 singula
673 745 816 842 reperiri
835 757 999 842 possunt,
1022 771 1098 843 quaa
1118 748 1207 820 miro
1224 772 1310 844 quo

291 871 372 944 dam
386 872 508 943 decore
525 869 747 967 splendeant,
767 881 801 942 et
820 871 1018 944 Ciceronem
1034 873 1139 943 etiam
1155 896 1310 970 exsupe-
1425 877 1426 886 ’

290 1006 390 1080 rent;
417 1005 457 1066 ut
484 1005 600 1068 autem
618 993 704 1067 illud
732 995 846 1090 poesis
861 1001 935 1092 jam
953 1005 1129 1067 maturum
1146 995 1253 1070 robur
1272 1009 1310 1070 et

291 1119 357 1192 sihi
369 1130 586 1192 constantem
599 1130 633 1191 et
648 1143 784 1216 aquam
800 1121 968 1192 sermonis
986 1119 1192 1218 dignitatem
1212 1122 1312 1194 obti-

291 1257 389 1319 neret
407 1265 626 1343 nequaquam
642 1244 692 1316 illi
711 1245 871 1344 contigit.

340 1373 439 1443 Nunc
456 1371 562 1468 igitur
585 1371 772 1454 ecunctis‚
805 1393 882 1465 quae
906 1367 1047 1466 quidem
1070 1369 1312 1468 collegerimus

292 1496 507 1580 testimonla,
527 1493 610 1591 quid
627 1505 784 1567 constare
806 1491 966 1566 videtur?
982 1495 1162 1590 Perspecto
1187 1518 1312 1592 gram·-

292 1622 497 1694 maticorum
506 1618 587 1704 fide,
601 1642 770 1716 perpensa
779 1619 950 1690 Ciceronis
962 1618 1070 1714 ipsius
1083 1620 1309 1706 auctoritate,

294 1745 385 1818 illius
411 1743 552 1816 tandem
575 1756 609 1816 et
624 1744 709 1816 Attii
728 1745 881 1815 oratione
906 1742 1049 1829 collata,
1069 1743 1169 1816 nubis
1187 1744 1312 1817 saltem

294 1869 515 1942 manifestum
538 1879 591 1939 est
616 1867 889 1966 fragmentorum
908 1869 1131 1965 interpretem
1147 1893 1218 1941 non
1236 1875 1313 1967 jam

294 1994 495 2093 ambiguum
514 2016 602 2065 esse.
624 1995 674 2064 De
696 1991 873 2089 Sophoclis
891 1989 972 2064 loco
995 1994 1186 2089 praesertim
1204 1993 1315 2066 dubi-

293 2131 425 2192 tantem
443 2117 654 2216 Scaligerum
672 2117 846 2190 Charisius
865 2117 1041 2190 affirmans
1055 2117 1191 2190 refellit.
1209 2119 1316 2216 Equi·

294 2243 374 2316 dem
398 2245 489 2314 inter
505 2245 655 2314 Nonium
682 2254 717 2313 et
732 2243 943 2315 Arusianum
962 2245 1134 2328 Messum,
1156 2244 1314 2344 AEsehyli

230 2405 233 2416 ·
294 2368 409 2440 locum
435 2368 668 2452 estimantes,
690 2365 875 2438 haeremus.
897 2368 1012 2466 Quum
1032 2380 1148 2442 autem
1166 2370 1253 2442 Attii
1280 2381 1316 2442 et

295 2493 467 2566 Ciceronis
495 2492 665 2589 poeticam
691 2492 898 2564 conferimus
924 2495 1137 2581 orationem,
1166 2493 1317 2568 dubita-

296 2619 389 2690 tione
406 2619 523 2690 minus
543 2627 743 2689 aestuamus.
765 2616 818 2688 llli
835 2617 1053 2715 fragmento:

556 2819 732 2881 «Titanum
749 2821 880 2894 soboles,
900 2826 983 2883 etc.»

296 3020 415 3094 hocin
437 3021 466 3090 T
462 3022 617 3092 meoloais
635 3023 832 3118 proximum
844 3035 1120 3120 componamus:

500 3219 583 3283 Unde
596 3223 672 3298 ignis
685 3223 765 3282 cluet
779 3223 954 3284 mortalibus
967 3225 1045 3286 clam

502 3332 635 3408 Divisus;
650 3351 720 3393 eum
736 3332 831 3392 dictus
849 3315 1047 3396 Prometheus

498 3437 639 3518 Clepsisse
652 3439 739 3512 dolo,
756 3457 920 3519 poenasque
934 3440 1001 3504 lovi

382 3537 384 3543 ’
502 3545 576 3608 Fato
588 3549 761 3630 expendisse
774 3555 926 3628 supremo.

349 3740 437 3815 lllud
458 3739 657 3827 horridum,
679 3743 852 3816 Ciceronis
877 3744 970 3816 enim
993 3742 1107 3816 verbis
1133 3745 1185 3852 uti
1209 3743 1314 3828 licet,
1329 3781 1383 3826 oce

299 3867 478 3940 Attianum
504 3891 587 3940 sane
612 3891 806 3942 sermonem
825 3868 979 3942 redolere
1000 3871 1142 3944 minime
1163 3894 1319 3970 negare—

300 4015 397 4076 mus3
416 3991 476 4064 sed
491 3993 631 4065 avicino
643 3991 835 4090 fragmento
848 4004 1018 4090 quantum
1027 3993 1209 4067 abhorret!
1226 3998 1317 4067 Istas

300 4113 440 4213 quidem
470 4137 570 4190 voces
600 4116 778 4190 vetustiori
812 4119 989 4190 Prometheo
1019 4143 1128 4216 quum
1165 4119 1318 4193 libenter
