2836 4880
519 403 682 470 ..oo-

3 557 4 562 ’
86 555 203 639 potest
230 541 398 616 inveniri?
422 543 540 639 Specie
568 543 709 640 qnidam
738 541 836 614 nihil.
866 545 996 615 Revera
1022 544 1105 640 quid

84 667 242 754 intersit,
262 666 493 739 attendamus.
514 668 559 738 lis
580 669 673 739 enim
690 665 811 738 eadem
830 678 954 738 natura
968 691 1038 738 non
1054 669 1105 738 in-·

84 792 205 888 genita
223 792 371 876 videtur,
401 815 549 888 quorum
566 791 734 876 absimilis
763 803 815 863 est
844 793 1007 878 effectus,
1029 803 1105 888 quae

85 914 133 986 ad
160 915 265 986 finem
293 915 542 988 alienissimum
556 915 732 989 ‘evadunt
752 917 962 988 Inventionis
989 928 1105 988 antem

85 1040 244 1111 oratoriae
260 1041 338 1136 quis
356 1050 408 1110 est
427 1041 588 1126 effectus,
609 1041 686 1136 quis
702 1038 804 1111 finis?
817 1083 866 1106 -ψ
880 1041 1101 1113 Convincere.

86 1161 155 1244 Qui
179 1185 260 1233 vero
283 1159 421 1258 poesis?
442 1203 490 1214 -—
512 1161 780 1234 Pulchritndinis
799 1163 947 1260 effigiem
973 1165 1106 1235 exscri-

84 1281 183 1355 bere.
199 1286 290 1356 Num
301 1307 383 1356 vero
399 1283 499 1356 nohis
513 1295 594 1356 sunt
607 1285 763 1383 ejusdem
776 1287 912 1383 generis
925 1288 1105 1382 persuasio

86 1418 123 1480 et
149 1407 414 1504 pulchritudinis
439 1407 679 1482 adumbratio?
698 1411 743 1481 Ut
769 1409 875 1506 igitur
901 1409 1043 1482 effectus
1070 1421 1105 1481 et

85 1532 187 1618 finis,
206 1533 255 1604 ita
277 1557 389 1606 causa
405 1545 611 1632 repugnant.
634 1535 788 1606 Inventio
806 1533 942 1630 poetica
956 1533 1000 1606 ab
1020 1557 1104 1606 ora-

85 1661 175 1731 toria
199 1662 405 1758 seJ'nngitnr,
424 1677 543 1758 quum*
556 1661 668 1732 haece
689 1660 831 1732 scientia
849 1659 1021 1756 quadam,
1044 1660 1103 1732 illa

85 1809 169 1858 vero
186 1786 229 1857 ab
246 1797 321 1858 ¹arte
340 1811 438 1858 suam
458 1788 626 1884 originem
645 1795 790 1882 repetat.
1145 1767 1149 1778 ¹

136 1911 235 1996 Quod
256 1913 286 1983 si
311 1923 426 1983 autom
449 1911 628 2008 paululum
651 1935 672 1980 a
693 1911 750 1981 via
774 1910 956 1996 recedens,
980 1910 1040 1983 sed
1059 1909 1108 1982 ad·

86 2033 211 2105 eadem
234 2045 411 2130 spectans,
432 2057 501 2106 non
518 2035 651 2129 poesim
668 2032 803 2118 adhuc,
824 2032 885 2104 sed
902 2035 1003 2130 poesi'
1016 2059 1104 2130 pro-

86 2159 182 2228 xima
205 2157 364 2255 quaedam
386 2159 423 2228 in
447 2157 619 2230 Ciceronis
637 2157 798 2253 operibus
815 2157 1000 2255 relegeris,
1024 2157 1105 2230 dia-

85 2283 183 2380 logos
201 2284 377 2368 videlicet,
397 2284 457 2381 qui
481 2282 525 2355 ad
550 2283 738 2354 maximam
765 2280 963 2354 dramaticae
989 2285 1103 2380 poesis

87 2407 348 2480 similitudinem
362 2405 548 2493 accedunt,
558 2413 633 2504 jam
645 2415 858 2502 compertum
873 2428 949 2477 esse
961 2408 1100 2502 poterit,

87 2543 257 2629 quantum
270 2533 458 2603 inventioni
474 2531 616 2626 poeticae
630 2530 800 2625 discrepet
815 2531 976 2601 oratoria.

136 2656 242 2729 Nobis
259 2657 363 2753 igitur
376 2657 491 2726 animo
503 2655 675 2750 fingamus
691 2653 880 2750 ingenitam
892 2652 998 2723 fuisse
1012 2653 1103 2724 Cice·

3 2797 5 2876 g
86 2785 164 2856 roni
190 2781 293 2880 paulo
319 2787 485 2878 majorem
508 2777 705 2850 inveniendi
730 2777 862 2873 poetice
887 2775 1098 2848 facultatem.

87 2912 164 2981 Jarn
189 2907 281 2978 illins
307 2907 344 2976 in
372 2905 531 2976 liberiore
556 2899 702 2974 materia
725 2913 883 2973 versatur
907 2901 1100 2998 ingenium.-

88 3034 124 3104 Si
142 3033 234 3106 enim
255 3029 497 3103 convincendis
521 3029 625 3101 etiam
643 3027 767 3098 animis
789 3027 940 3098 inventio
964 3025 1099 3111 studet,

88 3181 158 3230 non
183 3156 330 3240 iisdem,
360 3155 485 3252 quibus
513 3154 728 3250 eloquentia,
762 3161 937 3224 coercetur
967 3175 1102 3249 angus-

89 3282 165 3366 tiis;
185 3280 305 3351 latiore
319 3277 486 3350 curriculo
504 3278 689 3375 circumagi
703 3286 835 3374 potest,
852 3285 886 3346 et
900 3275 1101 3372 ampliorem

90 3409 155 3478 arti
173 3407 287 3479 locum
301 3401 500 3476 concedere.
520 3405 628 3474 Scene
639 3400 799 3497 quaedam
816 3401 980 3496 aperitur,-
997 3399 1101 3496 expli-

90 3543 188 3604 catur
201 3530 310 3614 actio,
328 3551 433 3624 qnam
448 3527 568 3599 habitu
587 3521 770 3622 et'ingen'io
788 3522 931 3596 diversis
944 3547 1100 3619 personae

90 3663 268 3752 peragant.
296 3654 376 3724 Haec
394 3651 477 3722 artis
504 3650 620 3722 omnia
639 3658 738 3732 sunt;
759 3648 795 3718 in
816 3647 874 3718 his
892 3646 971 3718 licat
989 3669 1101 3742 appa-

90 3788 165 3850 reat
184 3777 321 3862 artifex,
342 3778 371 3848 si
392 3775 494 3848 modo
514 3775 569 3846 his
590 3773 734 3870 dialogis
749 3772 881 3844 ‘artifex
896 3781 1048 3843 mentem
1067 3783 1102 3844 et

92 3905 246 3976 animum
260 3903 422 3998 inspiret,
443 3903 472 3973 si
489 3925 558 3973 non
574 3899 617 3971 ab
635 3897 831 3971 inventione
846 3897 980 3994 poetica·
997 3898 1102 3968 nimis

93 4027 224 4100 alienus
239 4023 416 4094 exstiterit.

139 4148 299 4244 Dialogos
330 4156 453 4218 autem·
473 4147 642 4219 Ciceronis
661 4131 844 4216 'memoria
870 4141 1098 4216 revolvamus.
