2836 4880
543 376 703 436 ..57-

108 510 259 582 artifices
277 533 352 582 esse
376 509 625 584 collocandum.
657 513 768 596 Quem
792 512 939 610 gradum
965 537 1008 584 ne
1024 513 1123 588 flocci

107 629 239 716 facias,
258 641 431 703 memento
458 631 596 728 qualem
612 634 746 730 poesim
768 635 937 731 acceperit
955 635 1070 708 Cicero
1090 647 1125 708 et

108 765 277 849 quantam
294 755 435 854 Virgilio
447 755 640 829 tradiderit.
660 760 759 830 Hunc
776 759 933 854 quamvis
948 759 1126 846 immemo-

107 904 185 952 rem
200 881 290 952 inter
305 880 490 978 discipulos
505 881 652 969 habere,
677 884 868 957 multorum
881 877 1126 981 laudem'poe-

108 1016 226 1076 tarum
237 1005 339 1102 longe
357 1017 509 1102 superat.

159 1131 331 1203 Ciceronis
353 1131 602 1204 imitationibus
624 1131 767 1227 poeticis
796 1133 949 1228 primum
977 1131 1127 1204 inhaere—

108 1279 203 1326 mue.
221 1253 314 1326 Nihil
337 1253 381 1326 de
396 1265 554 1352 poemate
572 1255 723 1351 quodem
740 1257 871 1326 incerto
895 1256 1062 1350 suspicari
1077 1253 1127 1326 li-

108 1391 186 1464 cet,
209 1379 301 1477 quod
331 1379 375 1452 ad
403 1379 496 1452 aliud
516 1379 574 1452 alii
589 1381 804 1476 propositum
833 1381 998 1452 referunt.
1029 1379 1119 1452 lllud

109 1529 250 1578 carmen
268 1505 404 1578 silentio
421 1506 653 1602 praetermittit
670 1505 804 1590 Nobbe,
830 1530 934 1602 quem
951 1507 1127 1578 recentio-

110 1655 166 1703 res
182 1641 387 1728 sequuntur.
416 1633 530 1704 Minus
553 1630 783 1728 dubitandum
801 1643 873 1716 est,
896 1633 980 1727 quin
1003 1641 1127 1703 aucto-
1217 1619 1219 1622 ⁵

110 1779 186 1826 rem
208 1779 357 1853 gracum
381 1757 417 1826 in
443 1755 560 1826 Pontio
581 1765 718 1827 secutus
742 1755 846 1826 fuerit
874 1757 1003 1829 Cicero.
1037 1754 1126 1828 lllud

111 1905 221 1976 opus,
242 1879 400 1952 versibus
416 1881 626 1950 tetrametris
642 1878 839 1964 conditum,
859 1880 896 1950 in
916 1903 956 1950 ea
975 1881 1128 1976 scripse-

103 1987 166 2074 'rat
187 2013 303 2086 atate,
340 2027 416 2097 qua
446 2025 569 2098 parum
596 2000 794 2073 inveniendi
823 2001 986 2074 facultate
1014 2005 1149 2100 viget.

110 2131 202 2200 Puer
218 2127 330 2200 adhuc
347 2127 418 2199 haec
435 2138 470 2199 et
485 2125 554 2198 alia
569 2126 693 2210 multa,
712 2136 799 2198 teste
816 2125 1020 2212 Plutarcho,
1040 2151 1128 2224 pro-

110 2251 227 2336 fudit,
255 2261 289 2322 et
323 2275 342 2322 e
374 2274 483 2348 graeeo
512 2249 745 2322 verisimiliter
778 2250 966 2347 exemplari
1000 2243 1143 2350 delegit

110 2375 299 2460 imitanda,
319 2376 446 2471 quippe
457 2375 516 2470 qui
527 2398 676 2472 gracum
686 2373 850 2446 Archiam
864 2374 1053 2472 discipulus
1069 2399 1128 2448 au-

112 2502 222 2586 diret,
243 2512 277 2573 et
288 2499 490 2597 AEschylum
506 2498 762 2593 Pindarumque
785 2501 980 2594 argumenti
1002 2499 1125 2584 duces,

112 2627 150 2698 in
164 2627 277 2695 Pontio
296 2623 498 2719 prasertim,
518 2631 558 2692 ut
572 2621 681 2704 aiunt,
702 2621 800 2714 sequi
813 2630 942 2716 posset.
962 2621 1062 2704 Quod
1079 2633 1127 2694 ta-

112 2773 194 2822 men
215 2747 334 2821 Nobbe
350 2757 473 2844 negat,
490 2745 662 2818 Ciceronis
678 2767 796 2841 opera,
816 2743 872 2816 vol
899 2747 962 2830 10,
981 2770 1017 2841 p.
1039 2747 1124 2817 396.

161 2876 311 2967 Alcyones
338 2872 531 2967 Ciceronis,
551 2870 710 2967 quamvis
737 2871 838 2966 graeci
854 2893 924 2941 non
944 2869 1129 2942 laudentur
1252 2940 1256 2946 .

115 3009 285 3082 auctores,
304 2997 364 3093 qui
376 2995 557 3067 materiam
570 2993 621 3065 illi
635 2991 853 3078 tradiderint,
869 3017 939 3065 non
956 2995 1128 3067 immerito

114 3125 231 3196 forsan
253 3123 297 3195 ad
314 3122 406 3195 idem
423 3130 705 3220 argumentorum
721 3117 999 3215 vulgatissimum
1019 3141 1129 3215 genus

115 3248 278 3332 referres,
304 3245 397 3342 quod
420 3243 615 3316 exercenda
633 3241 791 3338 discipuli
816 3241 955 3337 poetica
975 3240 1128 3314 facultati

115 3371 328 3472 proponebat
344 3369 506 3455 Archias,
526 3367 619 3466 quod
630 3361 754 3440 'autem
772 3389 793 3436 a
813 3367 884 3438 suis
903 3365 1127 3464 popularibus

115 3500 226 3596 poetis
250 3496 486 3570 mutuabatur.
506 3496 615 3592 HuJ'us
635 3491 803 3589 poematis
822 3491 890 3564 duo
916 3516 986 3563 non
1003 3491 1128 3589 integri

1 3633 3 3642 ’
117 3622 259 3721 quidem
275 3646 394 3694 versus
412 3630 593 3692 servantur
613 3642 622 3689 :

281 3819 367 3880 Hanc
380 3820 498 3893 genuit,
513 3817 599 3878 elaris
613 3815 750 3894 delapsus
764 3815 801 3876 ab
818 3816 923 3886 astris,

201 3929 330 3989 Pravius
343 3947 458 3989 eurora
473 3927 542 3988 solis
555 3926 709 4002 noctisque
724 3924 854 3986 satelles.

172 4113 350 4186 rameruco
368 4112 477 4203 clepit,
496 4117 593 4208 cujus
610 4132 701 4182 unus
720 4114 876 4206 superest
892 4127 1012 4178 versus
1031 4127 1040 4176 τ
