2866 4866
561 386 737 446 -119-

221 514 368 576 11111111
383 513 784 596 tuntuprnditussnpicutin
1069 591 1073 603 ,

220 617 389 698 Quisquam
404 626 467 695 est,
484 623 536 700 qui
549 623 677 684 aliorum
692 639 861 684 aerumnam
873 621 959 683 dictis
970 621 1118 700 allevans,

220 726 288 788 Non
303 727 399 802 idem,
416 746 511 806 quum
525 727 645 790 fortuna
658 732 774 791 mutatu
783 730 930 810 impetum

219 831 396 908 Convertnt,
413 835 497 896 clude
510 835 609 898 subita
621 834 779 910 frangatur
792 854 860 910 sua,

220 939 259 1003 ot
272 942 324 1004 1111
337 943 372 1005 nd
388 943 460 1003 elios
473 943 552 1004 dictu
566 947 596 1004 et
609 946 765 1023 precepta,
773 942 927 1041 excidunt.¹

138 1136 220 1206 Haec
235 1133 331 1206 euim
346 1133 594 1208 inter-incerta
615 1134 723 1208 Bothe
747 1135 901 1232 reponit,
931 1155 1000 1232 qun
1022 1134 1155 1208 ratione
1246 1114 1249 1118 ⁵

137 1257 282 1342 nescio,
296 1277 405 1354 quum
422 1258 472 1330 ita
489 1259 606 1331 Cicero
626 1279 636 1332 t
665 1276 683 1328 ‹‘
704 1261 824 1354 ltaque
850 1257 967 1330 Oileus
986 1257 1044 1330 illo
1061 1256 1154 1355 apud

137 1379 363 1478 Sophoclem,
381 1359 445 1478 'qui
469 1379 689 1454 Telamonem
712 1391 814 1453 antee
831 1379 875 1452 de
903 1380 1017 1479 Ajecis
1044 1390 1174 1452 morte·

124 1500 346 1601 consumtus·
361 1509 470 1587 esset,
491 1502 543 1587 is,
567 1525 675 1598 quum
694 1501 848 1574 nudisset
867 1497 1005 1586 dcem,
1026 1500 1155 1574 inactus

138 1635 211 1710 cst3
233 1623 278 1698 de
295 1631 402 1724 cujus
421 1624 597 1698 communi
615 1635 731 1696 mente
750 1624 799 1696 sic
817 1623 954 1696 dicitur.
985 1651 1002 1692 1

187 1747 281 1820 Nihil
293 1755 368 1846 jcm'
394 1749 604 1840 suariorum
626 1759 807 1845 poetarum
824 1747 1025 1846 fragmentis
1047 1765 1155 1844 supe-

139 1880 230 1955 rsst',
249 1895 317 1966 quo
334 1869 435 1942 uobis
448 1870 647 1942 Ciceronem
656 1871 765 1944 etiam
778 1869 1002 1965 interpretem
1012 1891 1155 1966 perpen—
1213 1877 1214 1880 ’

135 1990 222 2065 dere
240 1991 354 2064 liceat.
370 1995 410 2064 In
425 1992 494 2064 illis
508 1991 689 2090 equidem,
701 2002 744 2084 ct
755 1993 792 2063 iu
805 1982 980 2088 Euripidis
994 1991 1157 2064 breviori·

137 2114 224 2202 bus,
245 2141 315 2190 non
339 2116 509 2190 eumdem
530 2116 749 2216 splendorem
771 2127 812 2220 etn
833 2115 977 2202 cultum,
1000 2139 1104 2212 quem
1119 2118 1156 2187 in

139 2241 298 2325 Homeri,
316 2240 516 2340 AEschylict
533 2240 711 2338 Sophoclis
725 2240 949 2338 amplioribus
967 2239 1155 2338 deprehen-

140 2362 223 2436 dere
242 2363 356 2436 datur.
376 2366 492 2437 Unum
518 2367 635 2438 temen
663 2377 723 2438 sut
740 2365 898 2438 ‘alterum
926 2365 1038 2438 lecum
1060 2367 1156 2438 exci-

138 2487 234 2582 pias,
249 2496 372 2568 caetera
383 2493 456 2584 jum
472 2489 589 2558 omnia
599 2489 746 2584 propriis
760 2489 931 2561 Ciceronis
944 2489 1155 2562 carminibus

51 2687 53 2690 ,
138 2604 296 2678 conferre
313 2629 383 2678 non
408 2605 618 2680 dubitemus.
646 2609 737 2693 Quin
763 2609 853 2691 imo,
876 2607 976 2680 uobis
1003 2608 1151 2694 saltem,

136 2725 306 2824 plurimas
325 2740 458 2802 constat
485 2730 541 2802 hic
566 2731 710 2804 virtutes
740 2732 910 2817 eminere,
930 2741 1025 2803 etue
1042 2731 1153 2803 ullum

138 2849 281 2947 quidem
307 2851 474 2926 inhaerere
493 2855 634 2948 isitium,
669 2877 788 2927 eorum
814 2854 1005 2952 praesertim
1028 2853 1153 2951 quibus

136 2973 199 3046 1111
217 2978 391 3046 consolatos
417 2977 588 3053 miracula
614 2978 852 3051 referciuntur.
882 2981 953 3052 Hoc
973 2981 1009 3051 in
1032 2978 1153 3075 primis

138 3099 328 3184 nurerum,
348 3099 442 3197 quod
457 3100 517 3172 1111
536 3100 726 3174 1111111111
750 3104 1002 3201 genuinatorum
1018 3102 1153 3175 redun-

138 3219 259 3295 dantis
288 3245 462 3319 nusquam
480 3223 710 3298 inconversis
743 3235 918 3311 remanet,
945 3224 1007 3300 sed
1033 3249 1154 3300 exem-

138 3344 228 3443 plari
244 3370 354 3444 31111
369 3348 479 3418 reciso
494 3361 682 3422 onerosior.

188 3471 235 3544 At
246 3471 351 3546 nobis
366 3495 436 3545 non
449 3473 487 3544 in
504 3475 620 3547 auimo
641 3485 694 3546 est
709 3483 915 3559 retrectare,
937 3493 1014 3569 quse
1029 3474 1155 3570 singu-

138 3592 237 3666 latim
255 3595 299 3668 de
316 3605 367 3668 tot
383 3594 467 3668 locis
493 3595 675 3693 multiplici
704 3596 836 3668 ratione
852 3595 1030 3694 perpensis
1048 3617 1154 3690 supra

137 3718 379 3812 disseruimus.
399 3720 518 3804 Quum-
532 3743 614 3792 vero
632 3731 747 3792 moute
764 3720 990 3803 revolvimus,
1012 3741 1090 3814 quae
1109 3718 1154 3790 sit

137 3843 176 3914 iu
187 3843 346 3914 Sirenum
365 3853 469 3915 contu
485 3843 650 3927 suavitas,
668 3867 774 3938 quam
793 3843 918 3917 nobilis
936 3843 972 3914 in
990 3837 1154 3914 Calchan-

139 3966 185 4038 tis
200 3965 421 4062 predictione
443 3966 593 4068 dignitas
610 3967 887 4066 exsplendescat,
909 3991 1015 4064 quam
1033 3978 1154 4039 mutu-

140 4111 219 4160 rum
238 4087 403 4162 orationis
426 4089 541 4186 vigeat
556 4087 663 4162 robur
677 4093 714 4163 in
730 4091 904 4165 conversis
928 4090 1080 4188 AEsohyli
1097 4093 1155 4162 So-
