2866 4866
715 427 872 485 ,84-

556 690 707 779 qurpres
729 689 858 757 Homeri
883 687 996 756 Cicero.

327 937 424 1008 Multi
444 949 525 1008 sunt
543 937 600 1007 alii
618 947 725 1033 poetes
743 935 796 1006 vel
812 935 909 1006 latini
926 933 980 1005 vel
1002 933 1120 1030 graci,
1144 955 1298 1027 quorum

279 1061 370 1158 apud
385 1063 581 1134 Ciceronem
593 1060 785 1157 fragmenta
799 1079 1022 1130 conversasse
1036 1055 1127 1127 locos
1143 1055 1305 1150 reperire·

279 1198 343 1258 est.
364 1189 403 1257 ln
419 1185 580 1258 omnibus
599 1191 672 1282 eJ’us
692 1183 789 1254 libris
802 1183 862 1278 qui
880 1181 924 1252 ad
941 1179 1195 1276 philosophiam
1211 1203 1297 1250 mo-

279 1311 387 1382 ralem
413 1311 537 1383 autad
562 1310 768 1381 rhetoricam
791 1307 983 1404 pertinent,
1013 1304 1144 1377 laudati
1173 1328 1295 1376 versus

173 1443 175 1446 ’
279 1449 481 1518 occurrunt,
506 1460 654 1532 quorum
676 1442 805 1532 majore
827 1433 925 1528 copia
938 1433 986 1501 De
1009 1433 1122 1526 fioribus
1142 1433 1294 1502 bomrom

279 1579 306 1632 et
327 1564 534 1632 maturuerat
559 1565 606 1630 Do
625 1564 813 1631 divinatione
832 1558 1087 1641 controversiae,
1112 1557 1294 1626 Tusculano
1368 1537 1373 1546 ⁵

279 1711 347 1783 que
369 1690 586 1780 disputationes
620 1686 859 1757 referciuntur.
895 1684 1059 1767 Quanam
1079 1681 1184 1778 igitur
1206 1681 1294 1752 ratio

279 1811 468 1894 succurrit,
492 1833 561 1904 qua
582 1809 754 1905 possimus
775 1807 914 1904 propria
931 1804 1102 1876 Ciceronis
1124 1815 1159 1874 et
1182 1803 1295 1874 aliena

264 1932 504 2033 dignoscere?
521 1937 606 2005 Rem
617 1943 774 2005 accurate
785 1929 1024 2014 versantibus,
1040 1927 1113 1999 haec
1126 1926 1226 1998 nohis
1238 1928 1296 1998 via
1373 1899 1382 1919 ¹

279 2059 412 2132 consilii
424 2060 554 2132 oaeteris
566 2059 671 2130 tutior
686 2059 761 2129 uisa
774 2057 851 2128 fuit.
868 2057 983 2139 Quum
994 2052 1129 2125 nullum
1145 2041 1295 2124 auctoris

279 2205 407 2253 nomen
431 2181 700 2252 dramaticorum
720 2189 781 2250 aut
804 2178 949 2249 aliorum
967 2177 1161 2274 fragmenta
1177 2176 1296 2272 praefe-

279 2317 382 2388 runt‚
403 2304 502 2374 nobis
516 2303 708 2400 significare
721 2303 837 2373 Cicero
849 2301 998 2386 videtur,
1019 2301 1091 2372 haec
1110 2300 1202 2398 apud
1220 2303 1295 2373 Ro-

280 2405 408 2500 manos
438 2427 524 2500 adeo
560 2437 756 2511 notescere,
798 2437 837 2498 ut
860 2427 936 2523 ipsa
961 2426 1104 2498 laudare
1132 2425 1293 2498 sufficiat.

282 2551 348 2624 Ubi
372 2576 453 2624 vero
470 2551 577 2624 latina
598 2550 865 2648 praescribuntur
894 2551 1056 2636 nomina,
1086 2550 1194 2622 multo
1221 2551 1298 2622 mi—

282 2701 347 2749 nus
373 2678 477 2750 etiam
503 2675 546 2748 de
575 2678 792 2772 possessione
822 2675 988 2774 litigares.
1018 2675 1153 2748 Accidit
1178 2687 1296 2748 autem

281 2813 320 2873 ut
338 2814 513 2873 auctorem
526 2824 674 2897 gracum
692 2799 892 2896 simpliciter
908 2811 942 2871 et
957 2811 1073 2895 aperte
1093 2802 1208 2873 Cicero
1228 2800 1296 2872 de-

282 2927 399 2998 claret.
421 2928 515 2995 Tunc
537 2923 635 2995 illum
656 2925 878 3022 interpretem
896 2924 1199 3020 deprehendimus.
1227 2927 1296 2997 Car

283 3052 396 3133 enim,
414 3049 480 3120 nis'i
494 3060 728 3134 converteret,
746 3051 965 3147 peregrinum
981 3061 1118 3146 poetam
1135 3051 1210 3147 ipso
1226 3075 1295 3123 no-

282 3177 376 3246 mine
386 3174 559 3260 laudaret,
580 3187 614 3247 et
626 3174 724 3246 illum
736 3231 745 3260 ‚
759 3183 856 3274 eujus
869 3175 985 3248 latinis
997 3176 1111 3249 verbis
1125 3188 1292 3261 uteretur,

282 3298 384 3370 laude
402 3301 524 3372 merita
552 3298 794 3372 defraudaret?
822 3303 1009 3374 Homerum
1033 3313 1068 3373 et
1094 3302 1294 3398 Euripidem

283 3436 357 3497 tum
371 3423 493 3496 eadem
506 3427 636 3498 ratione
654 3423 795 3524 profert,
815 3450 904 3522 qua,
923 3451 992 3498 non
1002 3434 1076 3526 jam
1093 3425 1219 3498 dubius
1234 3427 1295 3496 in-

283 3559 431 3646 terpres,
448 3551 657 3646 exemplaria
669 3575 779 3650 grana
796 3547 1000 3624 nominatim
1018 3563 1052 3623 et
1068 3561 1224 3622 auctores
1236 3575 1294 3648 ap

283 3673 401 3769 pellat.
413 3676 465 3776 Fit
474 3674 567 3746 onim
579 3673 829 3770 aliquando‚ut
838 3675 1029 3746 inlatinnnr
1037 3675 1127 3747 ultro
1138 3699 1174 3746 se
1185 3699 1294 3772 graeca

283 3808 481 3872 convertere
496 3795 709 3895 profiteatur.
725 3801 819 3880 Tune
830 3799 881 3869 rei
894 3798 1076 3870 manifesta
1086 3797 1185 3872 fides.
1198 3799 1293 3872 Alias

283 3921 492 3995 subobscure
515 3921 677 4020 quidem,
705 3923 891 3995 conferenti
917 3934 1033 3994 tamen
1050 3923 1143 3996 locos
1162 3935 1197 3996 et
1213 3925 1293 3996 taci-
1384 4009 1385 4014 .

283 4058 355 4118 tam
380 4047 628 4119 confessionem
654 4046 842 4118 attendenti
862 4048 946 4118 satis
969 4059 1086 4144 aperte
1112 4061 1208 4144 patet
1234 4051 1293 4121 in-

283 4185 427 4269 terpres.
