2866 4866
689 366 848 426 ...35..
953 407 956 412 .

266 510 300 583 et
318 499 403 572 illud
423 499 589 584 alterum,
609 499 738 596 dequo
758 501 807 572 sic
829 501 903 596 ipse
922 502 1039 576 Cicero
1062 515 1277 600 praemonet:

271 652 287 692 c
305 625 394 696 Nem
410 625 515 708 verti,
544 634 584 696 ut
601 623 759 720 quaedem
774 625 926 710 Homeri,
959 627 1008 699 sio
1037 627 1144 700 istum
1160 629 1280 726 ipsum

266 749 379 822 locum
395 775 404 822 ε
570 742 572 751 ¹
757 761 760 769 “

305 949 372 1012 2⁰0
387 949 478 1012 decus
491 950 667 1025 argolicum,
681 951 755 1027 quin
767 951 894 1029 puppim
908 949 1013 1024 flectis,
1031 950 1137 1031 Ulyxe,

345 1059 478 1121 Auribus
491 1064 526 1120 ut
540 1065 656 1121 nostros
672 1061 763 1140 possis
774 1077 934 1134 agnoscere
952 1062 1076 1121 cantus?

338 1161 423 1232 'Nam
432 1189 521 1232 nemo
533 1171 598 1232 haec
608 1189 744 1248 unquam
756 1175 800 1230 est
815 1173 1003 1232 transvectos
1013 1171 1125 1233 caerula
1133 1190 1236 1247 cursu,

347 1280 429 1354 Quin
438 1283 520 1360 prius
532 1280 681 1342 adstiterit
693 1299 801 1341 vocum
814 1281 969 1341 dulcedine
983 1286 1112 1360 captus;
1226 1289 1228 1294 '

347 1389 432 1463 Post,
448 1392 538 1450 variis
551 1391 637 1451 avido
656 1391 781 1451 satiatus
796 1394 914 1468 pectore
928 1369 1039 1463 music,

346 1499 466 1586 Doctior
476 1499 513 1560 ad
524 1501 634 1578 patrias
645 1499 747 1578 lapsus
755 1500 924 1578 pervenerit
937 1515 1015 1560 oras.

350 1605 411 1666 Nos
421 1625 510 1679 grave
522 1611 674 1666 certamen
685 1605 766 1678 belli,
779 1605 954 1684 clademque
967 1610 1116 1681 tenemus,

349 1697 463 1776 Graecia
478 1733 570 1792 quam
582 1714 679 1794 Trojre
692 1715 791 1775 divino
805 1715 929 1775 numine
942 1717 1023 1775 vexit
1034 1760 1043 1788 ‚

350 1818 519 1898 Omniaque
531 1839 547 1880 e
558 1819 626 1882 lotis
639 1838 742 1880 rerum
757 1821 882 1894 vestigia
895 1821 982 1881 terris
1003 1819 1055 1902 (l).

320 2007 359 2074 ln
375 2003 443 2075 illis
460 2003 614 2088 duobuS,
637 2028 724 2100 quoe
741 2005 893 2101 primum
910 2003 1093 2076 retulimus
1107 2028 1116 2075 ε

352 2205 440 2265 Tales
450 2211 538 2278 sunt,
555 2199 619 2266 etc.

273 2412 360 2483 nihil
378 2436 478 2498 sene,
500 2413 652 2484 Ciceroni
675 2404 768 2510 quod
790 2413 886 2488 leudi
904 2423 1039 2499 vertas,
1060 2414 1289 2490 animadverti

273 2547 398 2632 potest.
432 2537 643 2608 lmitatorem
672 2538 765 2608 enim
789 2525 913 2633 perum
944 2537 1144 2636 diligentem
1162 2564 1289 2614 sensus

275 2660 378 2731 etiem
410 2661 548 2758 elingit,
575 2685 683 2756 quum
717 2660 857 2758 Ulysses
890 2661 1162 2758 Amphinomum
1197 2663 1289 2736 allo-

276 2809 386 2880 quens
405 2796 537 2857 asseret
562 2813 577 2850 «
599 2785 684 2856 tales
705 2785 893 2874 ¹hominum
915 2809 990 2858 esse
1016 2798 1149 2860 mentes
1168 2789 1288 2884 quoles

275 2912 349 3008 ipse
367 2921 467 3006 pater
484 2909 561 2980 illas
581 2933 719 3006 quoque
735 2910 792 2982 die
810 2911 926 2984 ducat.
952 2939 967 2980 o

248 3025 255 3087 l
327 3030 394 3104 Sed
413 3033 449 3103 in
470 3031 528 3104 illo
546 3031 705 3102 Sirenum
723 3033 895 3117 carmine,
916 3031 999 3128 quid
1014 3039 1088 3131 jam
1104 3031 1290 3130 requires?

276 3158 397 3228 Nonne
424 3155 651 3254 Virgilienum
681 3179 777 3251 paene
805 3155 920 3228 locum
948 3156 1115 3229 absolutis
1136 3158 1289 3229 numeris

240 3372 243 3382 ι
278 3273 460 3352 tenemus?
489 3281 659 3378 Equidem
687 3280 724 3350 in
754 3269 1060 3378 Morii'lragmento
1080 3279 1290 3385 splendidior

277 3405 368 3476 inest
384 3402 487 3475 rebus
519 3404 631 3489 color,
658 3414 692 3474 et
710 3401 823 3474 verbis
851 3405 960 3476 acrior
983 3406 1035 3504 ris
1064 3415 1098 3477 et
1125 3407 1286 3502 impetus.

278 3530 341 3600 llic
356 3539 493 3613 autem,
518 3529 605 3598 mira
625 3525 776 3624 quadem
798 3527 983 3610 varietate,
1005 3529 1154 3602 molliter
1170 3530 1287 3602 omnia

279 3651 414 3738 fluunt,
434 3663 473 3725 ut
491 3673 631 3724 suavem
651 3650 831 3746 fallacique
858 3650 1038 3723 dulcedine
1063 3662 1291 3749 temperatum

281 3779 440 3849 Sirenum
454 3799 573 3850 vocem
590 3775 834 3874 intelligamue

329 3903 381 3972 Ex
389 3903 486 3974 lltude
503 3922 773 3975 conversanum
790 3899 1047 3999 aggredientur,
1067 3925 1171 3998 quem
1190 3901 1291 3974 Cice—

321 4153 356 4219 (l)
376 4149 413 4204 Dc
421 4147 521 4219 finibus
533 4147 606 4218 bom,
619 4148 638 4203 l.
651 4150 678 4216 5,
691 4149 733 4204 l8.
