2836 4880
645 1292 672 1360 l.

397 1565 437 1612 oa
462 1564 550 1613 rorsr
576 1563 755 1613 munerun
784 1562 918 1620 annom

195 1753 236 1797 m·
249 1751 384 1800 Eunomo
399 1753 580 1800 PBAESERTIM
594 1751 690 1798 VERSU
705 1752 786 1796 ANTE
801 1749 959 1798 CICERONIS
973 1750 1118 1796 AETATEM.

204 2021 394 2106 «Ennius,
414 2022 601 2106 Pacuvius,
623 2021 760 2106 Attius,
780 2022 828 2093 ait
844 2023 980 2108 Cicero,
998 2013 1168 2117 multique

94 2204 98 2212 .
150 2144 210 2216 alii
226 2169 296 2218 non
309 2144 415 2217 verba
430 2145 492 2217 sed
504 2147 575 2218 vim
589 2157 831 2242 expresserunt
845 2148 1041 2219 Graecorum
1058 2145 1122 2242 (l).
1146 2175 1162 2213 ›

149 2271 212 2342 Cui
234 2270 413 2342 sententiae
431 2295 501 2342 non
526 2269 676 2343 multum
699 2269 797 2342 abest
822 2272 908 2367 quin
930 2271 1094 2354 omnino,
1114 2269 1169 2342 vel

149 2403 317 2494 majorem
328 2397 365 2466 in
377 2407 512 2492 partem
524 2397 767 2468 assentiamur.
784 2395 855 2468 Illis
867 2397 961 2469 enim
973 2397 1084 2493 poetis
1097 2397 1169 2468 vim

148 2520 262 2591 inesse
293 2521 489 2591 Graeoorum
520 2519 611 2590 ultro
643 2518 856 2605 concedens,
882 2519 925 2592 de
951 2520 1066 2592 verbis
1097 2544 1168 2592 non

149 2641 237 2715 nihil
253 2667 275 2714 a
289 2644 450 2716 Cicerone
462 2641 650 2728 dissideas,
667 2643 842 2739 siquidem
853 2646 1005 2717 Ennium
1019 2645 1169 2716 Attium-

150 2791 218 2864 que
234 2767 337 2864 paulo
350 2767 549 2865 diligentius
563 2767 755 2840 attendenti
769 2780 926 2840 constare
941 2778 1073 2864 potest,
1091 2767 1168 2840 illos

150 2897 347 2968 Graecorum
363 2895 467 2966 etiam
490 2893 669 2966 aemulatos
688 2894 916 2992 elegantiam,
938 2919 1058 2968 eorum
1075 2921 1168 2992 quo-
1220 2926 1222 2929 ·

150 3045 217 3118 que
233 3019 348 3092 verbis
365 3019 597 3116 exprimendis
615 3043 759 3116 operam·
769 3021 926 3115 quamvis
943 3019 1167 3092 infeliciorem

150 3143 337 3218 addidisse.
357 3145 498 3216 Initium
515 3145 620 3242 igitur
636 3143 740 3242 hujus
761 3143 1002 3240 disputationis
1016 3169 1038 3216 a
1052 3145 1167 3218 verbis

150 3283 185 3344 et
204 3270 323 3368 lingua
344 3279 488 3343 vetustae
510 3269 643 3366 poesis,
661 3269 733 3340 vim
758 3279 793 3340 et
819 3269 996 3367 ingenium
1021 3269 1166 3343 ulterius

148 3395 354 3492 inspecturi,
373 3405 528 3490 repetere
545 3405 733 3466 tentemus.

196 3522 261 3594 Vix
279 3543 391 3616 operae
418 3519 570 3616 pretium
587 3519 677 3592 foret
697 3541 929 3616 praemonere,
950 3518 1061 3615 qualis
1083 3518 1166 3592 illo-

149 3667 228 3716 rum
250 3655 432 3742 poetarum
450 3641 565 3716 verbis
592 3643 797 3742 plerumque
816 3643 956 3740 squalor
975 3641 1163 3726 inhaereat‚

150 3765 187 3835 ni
213 3764 477 3864 significandum
505 3775 596 3836 esset
613 3789 719 3860 quam
743 3765 912 3837 invenerit
935 3775 969 3836 et
994 3765 1039 3837 ad
1062 3790 1167 3861 quem
1224 3775 1226 3782 '

149 3885 295 3984 gradum
308 3889 441 3983 poesim
454 3889 570 3960 Cieero
582 3890 788 3985 provexerit.
810 3891 896 3960 Sunt
913 3887 1005 3984 apud
1019 3889 1096 3962 illos
1114 3891 1164 3962 in·

187 4136 224 4206 (t)
240 4135 340 4204 Queat.
355 4137 455 4208 Aroe„
473 4144 504 4210 l,
520 4143 546 4196 3.
