2836 4880
519 409 684 472 „qr..

85 539 175 610 rias.
201 538 421 638 Elegantiora
433 541 574 637 quidem
593 555 628 616 et
645 545 845 618 concinnius
856 546 1010 643 expolita
1026 562 1107 622 sunt

84 658 165 732 haec
180 662 353 747 AEneidis‚
373 663 397 734 l.
419 689 472 750 xr,
492 668 561 736 751
588 692 597 738 ε

173 883 272 963 thue
285 886 389 948 volans
403 887 462 950 alte
475 893 598 970 raptum
612 909 707 969 quum
720 889 804 953 fulva
816 892 975 956 draconem

172 993 243 1056 Fert
254 995 365 1073 aquila,
381 997 588 1077 implicuitque
597 1001 687 1080 pedes
699 1004 790 1078 atque
800 1002 951 1075 unguibus
960 1003 1061 1081 haesit3

171 1101 296 1165 Saucius
310 1108 341 1165 at
354 1123 475 1185 serpens
486 1109 606 1170 sinuosa
617 1109 771 1170 volumina
784 1115 898 1186 versat,

171 1212 370 1291 Adrectisque
381 1214 484 1276 horret
497 1219 629 1294 squamis
641 1222 671 1278 et
683 1218 782 1280 sibilat
796 1237 865 1294 ore,

171 1320 292 1382 Arduus
303 1323 470 1397 insurgens.
486 1323 541 1386 llla
555 1325 637 1386 hand
651 1329 750 1387 minus
764 1332 852 1402 urget
865 1328 982 1389 obunco

173 1429 352 1494 Luctantem
367 1439 462 1496 rostro
480 1456 488 1496 :
505 1437 595 1497 simul
609 1437 724 1499 aethera
736 1439 875 1500 verberat
891 1439 957 1501 alis.

86 1639 260 1712 Ciceronis
285 1652 402 1714 tamen
419 1643 509 1729 vim,
532 1645 702 1740 impeturn
721 1656 755 1717 et
775 1645 925 1718 colorem
947 1645 1103 1719 anteieri-

85 1787 180 1836 mus.
201 1765 376 1850 Quantum
392 1769 497 1865 igitur
513 1770 704 1842 imitatione
723 1795 760 1842 se
778 1772 893 1867 ipsum
913 1773 1028 1844 Cicero
1047 1797 1103 1845 su·

87 1903 187 1986 peret
198 1900 290 1992 ,jam
301 1893 580 1966 animadversum
594 1907 658 1966 est.
674 1899 751 1967 Non
764 1897 837 1971 alia.
846 1897 945 1969 nohis
959 1898 1104 1972 fortasse·

87 2015 293 2089 concludere
309 2017 443 2101 licebit,
469 2019 499 2089 si
514 2019 617 2114 paulo
636 2021 827 2092 accuratius
843 2023 885 2093 iis
903 2047 978 2118 quae
995 2023 1032 2094 in
1048 2022 1106 2093 la-

86 2139 203 2211 tinum
220 2165 239 2214 e
259 2165 369 2239 graeco
387 2145 574 2228 convertit,
594 2144 826 2217 attendamus.

126 2419 221 2488 Arcti
233 2419 441 2489 Plroecomeua
456 2434 482 2488 et
496 2421 697 2510 Proqnostica
711 2444 732 2490 a
751 2422 890 2491 Cicerone
904 2445 1059 2493 conuersa.

136 2643 234 2713 Arati
256 2644 464 2713 Pbuuomeua
486 2653 520 2714 et
534 2644 734 2732 Proquostica
753 2665 823 2713 non
847 2666 932 2713 sane
951 2642 1107 2740 pulcher·

88 2766 187 2837 rimis
215 2789 236 2836 a
268 2766 429 2838 Cicerone
461 2766 634 2838 conversis
666 2789 946 2838 annumeremus.
976 2768 1107 2840 Nostrae

89 2901 206 2962 tamen
227 2891 422 2975 sententia,
442 2901 481 2962 ut
497 2890 692 2986 opinamur,
712 2889 858 2962 subsidii
875 2890 1032 2963 nonnihil
1050 2891 1108 2964 af-

89 3013 215 3086 ferunt.
246 3014 361 3098 Quum
387 3026 503 3086 autem
528 3013 583 3086 his
612 3013 862 3112 dijudicandis,
891 3015 983 3111 quod
1008 3016 1107 3089 nobis

90 3139 304 3235 propositum
321 3139 382 3223 sit,
402 3139 468 3211 hoe
484 3139 656 3235 inprimis
672 3163 937 3236 prosequamur,
953 3164 1023 3213 non
1039 3140 1109 3214 dis·

91 3264 256 3360 piciemus
281 3286 387 3359 quam
415 3264 527 3359 operis
560 3288 697 3336 summa
716 3265 798 3336 felix
825 3289 955 3362 graecus
986 3279 1106 3342 auctor

92 3386 256 3472 evaserit,
273 3397 333 3458 aut
354 3410 422 3482 quo
435 3384 565 3484 judicio
594 3385 864 3459 convertendum
885 3386 970 3459 illud
991 3390 1106 3462 Cicero

92 3511 291 3606 susceperit.
311 3509 417 3582 Nobis
439 3510 522 3581 satis
542 3511 587 3583 sit
604 3511 812 3608 paucissima
827 3517 1052 3608 premanere

143 3636 368 3719 Pbooumcoo,
393 3658 468 3731 quae
493 3633 594 3732 longe
621 3637 830 3728 Proqaostia's
860 3636 1102 3725 anteierimus,

94 3759 268 3832 coelestem
280 3759 400 3832 orbem
414 3760 545 3857 poetice
558 3758 769 3832 describunt.
787 3760 976 3834 Exordium
989 3785 1010 3833 a
1025 3765 1106 3836 Jove

94 3895 272 3982 repetens,
292 3885 411 3981 polum
439 3884 613 3958 borealem
628 3884 756 3958 Aratus
772 3887 923 3983 primum
944 3887 1103 3985 attingit,

97 4011 200 4082 Ursas
218 4006 356 4093 deinde,
371 4011 576 4094 Draconem,
591 4010 815 4108 Engonasin,
833 4011 1014 4096 Coronam,
1025 4010 1105 4084 alia-

96 4154 161 4226 que
177 4131 277 4228 signa
289 4141 462 4216 recenset,
478 4131 587 4206 donec
603 4131 648 4206 ad
659 4135 834 4232 Virginem
845 4130 1016 4230 gradatim
1030 4133 1105 4206 des·
