2866 4866
721 404 880 464 ...88..

279 551 281 556 ·
347 536 479 606 Nomen
493 537 597 606 etiam
616 538 755 608 Homeri
772 541 941 634 reperitur
957 541 993 610 in
1007 539 1072 612 hoc
1091 539 1191 611 loco:
1218 567 1233 606 a
1253 541 1310 610 vi-

299 657 390 730 disse
409 683 445 731 se
450 713 522 731 .....
542 661 706 733 seminam
723 688 797 759 quae
817 689 854 737 ee
873 666 1012 737 nonrine
1028 665 1228 762 appellans,
1251 663 1312 736 di-

297 792 388 854 ceret
400 785 618 858 Homericum
633 787 819 882 quemdam
832 788 1000 886 ejusmodi
1012 813 1174 862 versum:

373 937 476 1038 'Tertia
486 981 517 1038 te
530 977 646 1040 Phthiae
657 984 819 1060 tempestas
830 981 899 1043 laeta
909 981 1017 1044 locabit
1032 981 1083 1066 (l).
1098 1004 1115 1042 »
1223 949 1224 952 Ἴ

346 1161 422 1232 Non
450 1159 599 1232 absimili
627 1163 758 1236 ratione
790 1165 988 1237 Ciceronem
1013 1167 1049 1236 in
1076 1166 1131 1238 his
1160 1176 1315 1262 quatuor

298 1283 520 1379 interpretem
547 1284 776 1372 arbitramur,
804 1288 897 1384 quod
915 1291 964 1361 ita
987 1290 1149 1386 praeiatur
1178 1315 1188 1362 ε
1222 1319 1239 1357 a
1268 1291 1314 1360 Ut

298 1405 390 1502 apud
412 1410 599 1480 Homerum
617 1409 823 1505 quotidianae
842 1437 943 1486 neces
964 1415 1192 1510 interitusque
1215 1413 1317 1484 mul-

298 1540 414 1600 torum
431 1530 643 1603 sedationem
659 1536 827 1607 moerendi
844 1525 1013 1623 afferunt,
1034 1538 1126 1635 apud
1140 1563 1248 1636 quem
1265 1538 1317 1608 ita

297 1651 422 1725 dicitur
441 1679 451 1724 t

377 1825 514 1904 Namque
529 1831 616 1890 nimis
631 1833 757 1905 multos,
775 1837 865 1912 atque
876 1837 958 1896 omni
971 1837 1038 1898 luce
1052 1839 1192 1900 cadentes

381 1934 553 2012 Cernimus,
571 1945 605 1999 ut
619 1960 708 2002 nemo
727 1945 817 2021 possit
832 1964 959 2007 moerore
975 1966 1093 2022 vacare,

375 2043 442 2118 Quo
456 2049 550 2120 magis
565 2053 608 2108 est
624 2069 747 2128 aequum
757 2053 882 2114 tumulis
897 2057 1040 2116 mandare
1055 2043 1230 2136 peremptos

379 2151 479 2215 Firmo
495 2159 614 2230 animo,
636 2163 666 2219 et
679 2159 796 2220 luctum
816 2161 947 2224 lacrimis
964 2165 1050 2226 finire
1064 2167 1178 2227 diurnis
1196 2164 1252 2248 (Ξ).
1272 2190 1287 2220 »

347 2333 408 2402 llio
440 2335 569 2406 incerta
598 2339 793 2411 criticorum
816 2342 945 2439 judicia
977 2345 1076 2418 nobis
1107 2348 1317 2420 nonnullam

300 2453 561 2530 admirationem
586 2463 755 2560 injiciunt.
785 2467 930 2538 Orellius
951 2479 984 2540 et
1000 2471 1136 2558 Nohbe‚
1156 2497 1233 2568 quae
1251 2497 1317 2544 re-

299 2577 456 2658 tulimus,
474 2582 543 2654 duo
570 2587 682 2682 prima
705 2599 839 2661 tantum
868 2592 1021 2665 Ciceroni
1047 2595 1251 2669 adscribunt
1280 2609 1315 2668 et

299 2701 499 2800 fragmentis
524 2709 772 2784 intermiscent.
803 2716 877 2798 Qua
904 2719 1104 2791 auctoritate
1122 2721 1221 2804 freti,
1246 2723 1315 2792 nisi

300 2827 470 2897 Ciceronis
483 2829 604 2922 ipsius,
624 2833 765 2926 quinon
780 2835 1014 2932 interpretem,
1034 2842 1095 2914 sed
1112 2843 1229 2938 ipsum
1240 2846 1315 2915 Ho-

300 2971 435 3018 merum
451 2949 604 3021 inducit?
621 2955 688 3024 Cur
705 2967 819 3028 autem
840 2961 960 3033 eodem
979 2967 1174 3039 testimonio
1193 2967 1315 3039 fiden-

302 3081 375 3154 tes,
396 3075 466 3140 non
496 3074 571 3167 pari
598 3093 667 3169 qua
696 3079 900 3153 Wernsdorf
928 3085 1070 3159 audacia
1096 3091 1315 3186 procedunt?

301 3192 364 3262 Hic
387 3191 451 3263 sibi
470 3198 699 3284 constantior,
720 3225 855 3276 summo
868 3213 946 3303 jure
963 3221 998 3280 et
1010 3213 1163 3308 Judicio‚
1193 3218 1314 3288 omnia
1416 3293 1418 3298 .

301 3335 376 3406 quae
402 3319 684 3405 memoravimus
706 3327 843 3420 propria
862 3329 1032 3404 Ciceronis
1052 3339 1221 3433 agnoscit.
1248 3341 1314 3412 Cui

301 3436 475 3506 sententiae
503 3441 747 3538 suffragatum,
777 3447 870 3522 illius
898 3463 1013 3526 tamen
1032 3483 1088 3529 me
1112 3461 1228 3558 piget,
1250 3465 1313 3560 qui

300 3581 388 3641 non,
409 3559 497 3632 Aulo
511 3562 616 3636 Gellio
632 3579 736 3654 teste,
759 3596 832 3643 rem
852 3577 1021 3652 Ciceronis
1038 3587 1209 3678 poeticam
1228 3601 1314 3660 ma—

300 3681 352 3776 gis
376 3683 477 3752 etiam
502 3685 724 3779 ampliaverit.
749 3698 826 3768 Haec
852 3702 942 3771 enim
962 3705 1143 3781 Homerica
1173 3724 1314 3784 suntet

302 3801 421 3873 eadem
440 3807 678 3884 Ciceroniana:

336 4018 371 4084 (l)
391 4019 428 4073 lle
440 4019 540 4088 diota„
555 4029 580 4093 l,
593 4029 637 4084 25.
651 4029 700 4084 Ex.
713 4031 808 4104 Iliade,
821 4041 849 4108 9,
863 4042 924 4096 3631.

335 4115 371 4182 (2)
387 4114 505 4186 Tassat,
519 4119 536 4174 l.
551 4125 576 4186 3,
590 4125 633 4179 27.
649 4126 694 4196 u,
710 4132 751 4199 49,
766 4136 827 4192 226.
