2836 4880
720 371 879 432 ..60-

378 507 546 585 Faustaque
559 506 644 579 signe
657 523 718 568 sure
730 505 828 568 laudis
839 506 1011 584 reditusque
1025 507 1140 570 notavit
1153 527 1162 566 ι

377 615 514 678 Partibus
527 616 657 676 intonuit
671 615 739 676 coeli
753 619 839 696 pater
854 617 917 694 ipse
931 615 1073 690 sinistris3

378 719 426 805 Sic
439 723 547 801 aquilae
561 723 678 785 clarum
696 724 826 786 firmavit
839 724 958 804 Jupiter
977 741 1078 786 omen.

349 951 389 1020 ln
407 949 463 1022 his
486 975 526 1024 eo
549 958 679 1050 majore
696 951 799 1024 laude
819 953 936 1026 Cicero
953 948 1216 1049 prosequendus
1237 958 1320 1034 est,

301 1099 370 1171 que
382 1099 445 1147 sua
456 1077 586 1150 mutuis
598 1076 699 1174 plura
708 1077 898 1150 miscuerit.
918 1077 1227 1171 Remveroipsam,
1244 1097 1323 1146 non

301 1199 860 1299 singulaquaequefidusinterpres
869 1201 1164 1299 attendit,quippe
1175 1201 1323 1297 quinon

302 1325 348 1398 ad
358 1325 451 1398 idem
465 1329 679 1424 propositum
689 1329 829 1400 Homeri
838 1329 1128 1426 comparationem
1138 1326 1319 1399 deflectat.

303 1449 472 1520 Homerus
499 1449 651 1546 aquilam
671 1449 821 1537 inducit,
844 1453 957 1536 iliad,
984 1452 1060 1536 Xll,
1083 1475 1118 1522 v.
1138 1452 1225 1535 200,
1245 1473 1322 1546 que

304 1581 430 1643 terreat
443 1582 577 1644 ostento
588 1575 751 1671 Trojanos
764 1574 801 1644 in
812 1597 930 1645 muros
944 1583 979 1645 et
990 1583 1107 1669 portas
1121 1573 1321 1644 Graecorum

303 1698 546 1795 irrumpentes.
560 1700 733 1796 Serpentis
749 1700 854 1797 igitur
866 1699 1000 1771 ferocia
1016 1699 1120 1784 favet,
1132 1709 1167 1770 et
1175 1696 1225 1770 illi
1234 1721 1322 1794 prae-

306 1823 425 1894 sertim
433 1823 646 1922 expingendo
657 1824 814 1910 studens,
825 1826 1012 1898 immanem
1028 1824 1188 1922 proponit
1199 1847 1323 1896 cruen-

306 1959 449 2046 tumque
475 1949 681 2036 draconem,
713 1975 822 2047 quum
842 1951 941 2024 vivus
966 1950 1079 2023 adhue
1104 1961 1139 2022 et
1164 1953 1319 2035 micans,

305 2099 367 2147 nec
385 2074 525 2149 ultionis
542 2077 737 2162 immemor,
750 2076 860 2149 hostis
878 2087 998 2172 peetus
1015 2074 1102 2148 collo
1122 2076 1322 2171 proximum

305 2197 433 2270 reflexa
442 2201 572 2271 cervice
582 2201 717 2298 pungit.
726 2201 852 2296 Aquila
860 2224 955 2286 vere,
967 2199 1142 2273 doloribus
1152 2201 1320 2286 cruciate,

306 2318 457 2391 mediam
479 2321 520 2390 in·
537 2320 676 2392 turbam
699 2321 797 2392 illum
816 2321 932 2420 abjicit
948 2333 1001 2408 et,
1025 2321 1116 2396 edito
1135 2322 1320 2420 clangore,

307 2442 418 2512 ventis
434 2441 527 2513 ocior
543 2441 667 2513 evolat.

356 2566 471 2651 Quum
495 2576 611 2638 autem
628 2567 744 2640 Cicero
767 2566 928 2640 dextrum
952 2567 1060 2640 Mario
1086 2565 1237 2663 praebeat
1262 2590 1324 2638 au·

308 2692 460 2790 gurium,
480 2702 675 2788 serpentem
686 2693 819 2790 affligit,
833 2703 867 2764 et
881 2691 1038 2790 plurimis
1052 2702 1169 2763 tamen
1183 2691 1325 2764 vividis·

307 2837 376 2910 que
393 2813 608 2884 lineamentis
632 2802 833 2910 expressum
857 2815 1039 2912 relinquit;
1071 2815 1131 2887 sed
1159 2825 1322 2887 ovantem

308 2937 461 3034 aquilam
482 2937 710 3034 amplectitur,
730 2924 835 3038 quam
853 2941 966 3040 dignis
983 2945 1131 3014 Homero
1150 2941 1324 3016 coloribus

309 3063 482 3137 exscribit.
503 3064 587 3150 Quis
609 3066 701 3137 enim
724 3066 797 3139 haee
814 3069 984 3141 Ciceronis
1001 3070 1141 3165 propria
1159 3093 1229 3142 non
1248 3069 1333 3172 mi-⁴

310 3199 406 3260 retur
426 3214 435 3260 :

389 3411 457 3473 Janr
473 3413 577 3474 satiata
590 3413 742 3486 animum,
758 3413 822 3492 jam
833 3412 924 3474 duros
939 3413 1005 3474 ulta
1018 3412 1146 3475 dolores.

389 3645 487 3724 Seque
501 3645 584 3705 obitu
597 3665 615 3707 a
627 3647 694 3708 solis
706 3647 813 3710 nitidos
828 3649 974 3710 convertit
986 3649 1024 3710 ad
1036 3653 1147 3711 ortus‘t

312 3871 383 3942 Hoc
401 3869 518 3942 volatu
536 3859 696 3966 superbo'
707 3872 920 3970 triumphare
939 3871 1075 3946 videtur
1099 3874 1228 3971 aquila.
1259 3873 1322 3946 Hic

310 4005 444 4069 motum
472 4019 680 4094 sensumque
708 4009 743 4070 et
771 4000 957 4097 imaginem
988 3999 1320 4086 animadvertimus,

311 4143 387 4218 que
403 4143 466 4193 nec
484 4121 576 4219 apud
599 4124 805 4210 Homerum,
823 4148 887 4196 neo
906 4124 998 4222 apud
1017 4124 1200 4224 Virgilium
1218 4149 1325 4223 repe-
