2836 4880
735 425 772 438 -—
796 395 836 456 oo
859 426 894 440 -·
1402 449 1403 454 ,

311 533 419 604 Scene
435 527 600 624 quidem,
614 549 723 624 quum
743 526 787 602 ad
805 525 956 604 Platonis
979 527 1239 604 similitudinem
1261 545 1333 603 aaa
1402 539 1403 570 ³

311 654 431 730 cedere
461 651 596 726 laborat
614 661 746 736 auctor,
775 661 834 735 ut,
854 649 950 726 verbi
976 652 1106 748 gratim
1125 651 1172 726 de
1190 652 1332 750 legibus

311 778 509 864 exordiens,
539 777 680 874 poeticis
711 775 896 872 aliquando
921 775 1091 852 coloribus
1118 787 1152 851 et
1181 780 1332 854 artificio

310 902 463 999 quodam
474 912 671 976 exornatur.
684 901 731 977 At
743 901 959 998 plerumque,
973 903 1003 974 ei
1016 901 1116 976 nobis
1126 927 1197 975 non
1209 927 1333 976 occur-

310 1039 403 1102 reret
421 1035 494 1126 ejus
511 1049 656 1111 nomen,
675 1049 781 1122 quem
804 1037 920 1102 orator
938 1038 998 1100 eut
1014 1026 1103 1100 elius
1124 1028 1328 1124 alloquitur,

311 1175 495 1228 excursum
511 1152 668 1247 quemvis
692 1151 902 1224 rhetoricum
918 1147 1236 1246 philosophicumua
1255 1175 1332 1225 ore-

312 1277 473 1354 derenrus
485 1277 629 1361 initum,
642 1275 774 1350 nedum
788 1299 890 1348 verus
902 1274 1199 1348 confabulantium
1212 1298 1332 1349 sermo

312 1411 459 1480 seratur.
485 1401 597 1485 Quam
621 1424 701 1473 vero
725 1399 850 1474 faeulae
872 1401 1022 1496 speciem
1044 1423 1145 1497 agere
1166 1399 1332 1474 videntur

312 1551 487 1624 persona,
507 1550 616 1622 quum
632 1524 755 1600 oceidit
770 1536 830 1610 ut,
852 1525 891 1598 in
906 1524 1139 1624 disputatione
1161 1529 1197 1594 da
1214 1529 1334 1620 βωῦω

313 1657 463 1726 tonorum
482 1667 508 1722 et
526 1654 700 1735 maloram,
718 1651 888 1724 actionem
910 1661 1039 1722 temere
1066 1649 1246 1734 deserant,
1262 1661 1334 1721 ‘aut

313 1777 541 1850 immutentur
555 1775 658 1870 ipsae,
686 1783 816 1868 etquae
832 1795 902 1846 nou
918 1771 963 1844 ab
988 1772 1128 1846 exordio
1153 1773 1334 1870 potuerint

313 1899 453 1984 audire,
472 1883 568 1981 eain
586 1897 653 1972 alio
673 1896 747 1970 loco
765 1907 923 1992 repetant
939 1906 973 1970 et
989 1894 1193 1970 absolvant?
1248 1925 1251 1932 ⁴

364 2023 546 2106 Habitum,
565 2020 721 2118 ingenia,
740 2043 854 2093 mores
870 2019 954 2114 quid
971 2019 1093 2094 attinet
1102 2019 1335 2094 animadver-

317 2148 413 2228 tere?
433 2151 560 2222 Omnes
579 2146 751 2220 Ciceronis
764 2155 895 2218 actores
907 2144 1150 2231 humanitatis,
1168 2146 1334 2222 doctrinm

317 2277 563 2372 sapientiaque
586 2270 701 2346 studio
725 2269 828 2344 simul
856 2271 1020 2344 eminent.
1046 2273 1164 2366 Neque
1185 2271 1253 2344 illis
1273 2283 1337 2344 ta-

316 2401 387 2475 lem
403 2399 574 2472 bonerum
588 2397 714 2468 ardum
728 2394 988 2470 similitudinem
1000 2397 1136 2468 crimini
1148 2397 1333 2469 vertimus.
1410 2477 1411 2482 ,

319 2525 518 2598 Plusculum
541 2534 676 2606 emen,
695 2545 804 2617 quum
827 2520 982 2618 dialogus
1000 2522 1127 2618 agian,
1144 2520 1338 2594 desiderari

319 2661 445 2747 potest.
472 2648 678 2744 Simpliciter
702 2653 820 2720 ettuo
843 2645 981 2718 nomine
1000 2655 1109 2718 totam
1132 2655 1338 2718 eonncver-

320 2777 408 2848 siarn
420 2773 569 2869 eupliam
584 2773 639 2844 sin
655 2781 772 2842 autem
784 2793 949 2864 personas
962 2769 1083 2866 fingis,
1099 2780 1133 2840 et
1146 2771 1183 2842 in
1195 2793 1339 2844 scenam

320 2899 487 2984 adducis,
506 2897 664 2970 homines
680 2877 816 2966 videam
835 2919 844 2968 τ

443 3100 551 3161 AEtatis
568 3099 849 3192 cujusquenotendi
863 3103 933 3160 sunt
947 3099 1001 3159 tihi
1012 3118 1127 3186 mores,

443 3209 663 3287 Mobilibusque
676 3209 764 3269 decor
778 3210 893 3270 naturis
907 3209 1022 3270 dandus
1035 3215 1066 3271 et
1079 3212 1175 3271 annis.
1200 3286 1202 3292 Ι

323 3403 435 3487 Quem
455 3421 537 3472 uero
557 3400 593 3472 in
612 3397 757 3496 dialogis
772 3399 908 3469 varium
929 3398 1136 3494 requirimus
1152 3398 1337 3485 decorem,

324 3551 404 3600 eum
420 3527 457 3598 in
474 3525 634 3598 Cicerone
649 3521 779 3596 frustra
795 3533 829 3593 te
844 3534 1062 3619 reperturum
1077 3547 1152 3596 esse
1166 3524 1338 3597 confidas.

325 3652 489 3736 Quamuis
505 3650 598 3722 enim
621 3672 663 3720 ex
687 3656 761 3746 ejus
787 3649 943 3744 personis
962 3649 1160 3720 afferamus.
1180 3648 1233 3720 llli
1254 3648 1341 3721 dili-

326 3788 447 3877 genter
468 3773 705 3857 attendentes,
728 3795 806 3844 eam
829 3773 867 3843 in
884 3771 1066 3869 multiplici
1089 3774 1258 3846 sermonis
1274 3775 1341 3845 cir-

328 3904 423 3976 cuitu
448 3900 638 3997 sequimur.
664 3899 763 3969 Certe
786 3897 927 3993 quidem
951 3897 1278 3982 animadvertimus,
1303 3899 1342 3970 in

329 4029 395 4101 hoc
409 4025 635 4098 elaboravisse
649 4023 862 4106 Ciceronem,
881 4033 921 4093 ut
937 4021 1087 4094 historia
1101 4023 1343 4094 veritatinihil

329 4151 545 4235 detraheret,
560 4160 595 4220 et
611 4147 748 4245 singula
764 4167 909 4243 quaque
922 4146 1111 4234 conferret,
1130 4147 1345 4244 quibus'col-
