2836 4880
712 338 865 398 48..

294 477 423 568 monita
439 495 617 569 nunquam
637 469 869 568 respondeat?
889 468 977 542 lllud
1006 469 1185 541 inventum
1205 467 1307 538 Cice—
1406 559 1407 576 ἢ

293 600 368 672 roni
382 599 464 670 uitio
482 597 578 682 dere,
598 595 698 668 nohis
716 593 911 675 deradiculo
930 593 1030 666 leret.
1051 594 1176 666 Orator
1200 591 1309 688 igitur
1405 593 1407 720 l

291 725 328 796 in
344 723 554 796 carminibus
574 722 678 794 etiem
693 720 895 818 permansit.
916 721 1012 804 Quae,
1030 716 1130 790 nohis
1147 715 1305 814 quidem,
1406 723 1407 736 ¹

291 861 330 926 ut
348 848 534 945 plerisque,
563 845 748 944 singularis
772 845 901 942 ingenii
928 843 1117 940 pervicacia
1134 866 1206 916 non
1225 847 1316 914 om-'

291 975 374 1046 nino
389 973 485 1068 poesi
499 945 691 1044 consentire
712 970 861 1050 videtur.

339 1099 416 1168 Non
439 1095 564 1168 desunt
582 1107 698 1168 temen
717 1097 777 1192 qui
799 1117 908 1191 quum
923 1094 960 1164 in
979 1102 1113 1166 oratore
1132 1113 1309 1162 summam

292 1220 489 1293 inveniendi
507 1222 679 1317 reperiant
694 1219 900 1304 ubertatem,
922 1217 1080 1294 eamdem
1092 1227 1201 1314 poetae
1216 1217 1315 1288 Cice·

251 1413 253 1418 .
292 1346 368 1416 roni
384 1347 576 1418 necessario
591 1347 791 1444 contigisse,
810 1355 871 1418 eut
882 1344 1038 1419 futurum
1049 1343 1156 1414 fuisse
1173 1353 1213 1412 ut
1227 1365 1308 1414 con-

293 1468 458 1564 tingeret,
477 1469 641 1540 acerrime
660 1467 882 1540 contendant.
900 1465 1006 1538 Nobis
1025 1476 1142 1540 autem
1158 1463 1309 1536 alterum

233 1650 236 1658 .
293 1593 459 1666 exaltare
489 1603 614 1666 nature
631 1593 795 1689 consequi
812 1593 955 1664 minime
984 1601 1130 1664 constat.
1160 1589 1256 1660 Licet
1271 1591 1309 1660 in

293 1743 418 1818 genere
441 1717 605 1815 quodam,
631 1729 667 1790 et
690 1742 761 1790 non
782 1719 819 1788 in
836 1715 996 1791 omnihus
1020 1715 1188 1790 invenias.
1206 1715 1307 1786 Docti

294 1867 384 1938 saepc
401 1843 465 1914 viri
482 1853 516 1922 et
529 1844 666 1941 ingenio
688 1854 872 1939 prestante
889 1839 1085 1936 philosophi
1105 1839 1195 1910 mire
1212 1862 1308 1934 qua-

294 1967 376 2040 dam
392 1967 605 2066 excogitandi
624 1967 786 2040 facultate
801 1965 1085 2062 praecelluernnt,
1106 1987 1192 2059 quos
1216 1963 1310 2034 inter

268 2093 493 2176 ,Descartes,
510 2091 773 2174 Melehranche,
794 2089 913 2162 Pascal
923 2091 960 2160 in
972 2087 1167 2184 exemplum
1181 2087 1308 2158 afferre

244 2295 245 2298 Ἴ
293 2241 364 2288 non
379 2217 569 2288 absurdum
589 2228 653 2288 est.
675 2219 749 2300 Quo
767 2240 848 2288 vero
867 2217 980 2312 poesis
1001 2215 1115 2288 studio
1131 2213 1310 2310 flagrave-

293 2342 363 2412 rint
385 2341 558 2412 neminem
580 2342 679 2439 fugit.
704 2343 781 2438 lpse
799 2341 916 2414 Pascal
941 2365 962 2414 a
985 2352 1165 2439 poetarum
1181 2350 1311 2411 natura

294 2487 364 2535 non
393 2463 478 2536 adeo
505 2463 640 2536 videtur
669 2463 874 2550 abhorrere,
903 2466 1029 2561 quippe
1060 2465 1116 2536 cui
1146 2485 1310 2536 sermone

294 2612 543 2686 nonnunquam
561 2589 693 2686 poetico
713 2613 793 2664 sues
816 2591 957 2687 pingere
977 2591 1163 2662 sententias
1186 2598 1244 2672 et,
1265 2598 1309 2659 ut

293 2713 342 2786 ita
367 2714 499 2798 dicam,
525 2713 680 2808 sculpere
707 2714 894 2809 contingat.
920 2713 1149 2786 Nihilominus
1176 2713 1309 2785 acriore

293 2839 425 2934 poesim
441 2838 557 2909 animo
578 2837 730 2921 deridet,
749 2837 878 2910 nodum
896 2837 988 2910 illius
1006 2841 1146 2911 inventa
1161 2840 1310 2910 miretur

294 2975 354 3036 aut
371 2961 584 3036 attrectanda
601 2974 707 3035 curet.
729 2965 963 3036 Memorentur
978 2965 1071 3036 enim
1086 2964 1304 3060 paucissimi,

294 3088 354 3183 qui
372 3085 596 3182 multiplicem
613 3087 809 3158 inveniendi
826 3089 1022 3160 facultatem
1039 3091 1088 3160 ita
1107 3089 1218 3160 sortiti
1234 3089 1308 3160 fue-

293 3211 384 3295 rint,
404 3221 443 3281 ut
469 3211 505 3282 in
533 3212 682 3284 scientiis
705 3213 833 3308 pariter
855 3222 888 3284 et
909 3214 945 3284 in
966 3213 1090 3286 litteris
1108 3213 1308 3286 inventione

293 3334 486 3407 floruerint.
513 3338 589 3432 lpse
610 3337 727 3423 Plato,
747 3361 855 3433 quum
872 3338 961 3410 inter
977 3337 1198 3434 philosophos
1216 3361 1306 3434 poe-

294 3461 361 3532 tico
376 3459 525 3532 maxime
541 3461 686 3557 viguerit
703 3461 861 3558 ingenio,
882 3485 996 3536 nonne
1018 3461 1225 3532 Socraticam
1244 3461 1306 3534 do-

294 3608 391 3656 mum
405 3585 595 3682 ingressus,
610 3584 653 3656 ab
666 3585 805 3658 Homeri
819 3587 935 3658 stetim
947 3584 1127 3680 discipline
1138 3583 1305 3659 descivit?

342 3706 388 3776 At
403 3722 511 3802 quum
529 3708 684 3802 proxime
704 3709 790 3793 sint,
809 3708 884 3794 vel,
905 3720 945 3781 ut
961 3708 1102 3804 quidam
1120 3717 1300 3792 asserunt,

293 3855 402 3928 quum
417 3832 538 3905 eedem
548 3833 754 3905 inventionis
768 3844 892 3906 natura
907 3833 976 3906 duo
992 3857 1118 3931 genera
1130 3842 1301 3918 constent,

292 3979 355 4029 cur
383 3955 529 4028 alterum
556 3956 668 4030 eidem
695 3958 871 4042 concedis,
897 3957 1043 4030 alterum
1061 3981 1142 4030 vero
1170 3955 1303 4055 neges?

293 4077 383 4166 Quid
396 4089 512 4154 eutem
528 4081 715 4156 inventioni
729 4083 868 4179 poetices
880 4081 1024 4158 similius
1037 4105 1141 4180 quam
1155 4080 1303 4158 oratoria
