2836 4880
570 422 605 443 -1
630 401 671 460 55
692 433 730 444 ...

137 531 248 630 eligit.
273 535 406 604 Perstat
421 543 555 616 orator,
576 534 722 604 nimium
745 535 835 606 cirea
853 559 890 606 se
909 535 1094 620 sollicitus,
1114 537 1152 608 in

137 655 319 752 angustias
337 652 476 734 incidit,
497 666 532 725 et
559 657 671 750 operis
701 680 838 728 summa
855 657 1065 754 consilioque
1084 681 1152 754 pa-

138 803 220 851 rum
242 777 323 851 lelix
343 777 470 850 evadit.
496 779 628 876 Ingenii
647 803 711 852 nec
727 782 879 876 impetn,
901 805 964 854 nec
981 781 1150 868 ubertate,

138 927 253 1000 neque
271 903 526 1002 magnificentia
544 927 624 976 cum
643 905 876 1000 superioribus
894 889 1005 1002 poetis
1027 917 1062 984 et
1076 909 1154 978 En-

139 1027 199 1098 nio
215 1027 407 1123 prasertim
422 1025 664 1113 contenderet,
683 1051 770 1124 quos
793 1040 910 1100 tamen
927 1031 976 1101 ita
996 1031 1171 1128 politiora

139 1151 280 1250 lingua,
313 1151 434 1250 judieii
465 1152 663 1238 severitate,
692 1175 813 1225 versus
842 1153 970 1254 beroiei
1000 1155 1154 1253 fingendi

138 1277 274 1348 ratione
299 1275 478 1372 praestitit,
509 1287 547 1348 ut
576 1275 619 1348 de
636 1279 731 1373 poesi
753 1278 860 1350 latina
883 1279 1152 1352 benemeritam

139 1423 279 1498 quoque
294 1401 465 1474 Ciceronis
481 1424 619 1474 musam
635 1400 746 1474 colere
765 1401 965 1476 debeamus.

614 1688 673 1756 lll.

224 1906 345 1954 GRAECAE
369 1905 475 1954 Possis
506 1906 653 1952 laisareis
678 1907 717 1953 ΕΤ
742 1907 912 1955 INTERPRES
938 1909 1062 1958 elenae.

191 2105 352 2176 Oratione
371 2103 484 2175 soluta
500 2105 615 2176 Cicero
632 2105 743 2202 magis
754 2128 860 2200 quam
873 2107 992 2176 metris
1011 2109 1158 2178 coercita

143 2229 276 2331 poesim
298 2251 548 2323 nonnunquam
577 2230 746 2326 attingere
770 2228 919 2328 videtur.
938 2229 1052 2316 Quod,
1084 2230 1158 2304 loco

141 2353 297 2448 proxime
307 2350 460 2436 laudate,
473 2332 740 2450 compositisque
755 2353 798 2426 de
812 2354 992 2426 consulatu
1001 2356 1158 2428 versibus

142 2490 176 2552 et
192 2479 357 2551 orationis
374 2479 410 2549 in
429 2477 611 2550 Catilinam
633 2481 741 2550 tertiae
757 2480 973 2576 fragmentis,
991 2481 1159 2582 dispicere

138 2611 214 2702 jam
230 2603 329 2687 licet3
349 2601 442 2698 quod
467 2625 548 2672 vero
572 2601 691 2672 multis
707 2613 769 2674 aut
785 2605 901 2698 potius
917 2606 1081 2700 exemplis
1100 2608 1161 2680 in-

144 2724 416 2798 numerabilibus
435 2724 639 2796 confirmare
656 2724 756 2796 nobis
770 2726 819 2796 ita
835 2738 1035 2824 promptum
1050 2729 1155 2816 foret,

144 2861 184 2922 nt
208 2849 352 2946 paulum
381 2849 472 2921 absit
503 2849 588 2944 quin
617 2851 794 2922 'sententia
820 2849 958 2922 cuidam
989 2852 1160 2924 Ciceronis

145 2976 374 3048 assentiamur
384 3030 400 3060 ,,,
421 2985 456 3046 et
482 2999 559 3047 eam
585 2975 705 3048 leviter
730 2977 950 3048 immutatam
969 2979 1013 3050 ad
1044 2981 1158 3076 ipsum

145 3097 369 3170 deflectamus
402 3109 437 3170 et
458 3096 781 3171 accommodemus:
814 3128 830 3167 u
857 3101 1057 3186 Emoniia,
1087 3103 1156 3188 ait,

140 3223 312 3320 ⁸finitimus
341 3223 468 3294 oratori
496 3234 628 3320 poeta„
641 3225 794 3295 numeris
811 3224 1006 3298 adstrictior
1032 3227 1155 3322 paulo.

143 3345 328 3442 'verborum
341 3357 457 3418 autem
469 3345 607 3420 licentia
618 3347 758 3421 liberior
768 3403 784 3434 ,,
792 3347 910 3420 multis
920 3373 1000 3422 vero
1013 3349 1158 3422 omandi

145 3471 453 3570 generibussocius
478 3453 699 3570 etpaene-par
720 3472 784 3570 (1)
815 3501 831 3540 s
862 3473 960 3558 Quod
972 3498 1053 3576 vero
1072 3499 1158 3570 pro-

145 3598 276 3693 piores,
295 3609 334 3690 ut
350 3595 450 3668 nobis
465 3595 624 3684 videtur,
642 3599 691 3668 ita
708 3607 969 3668 convertemus:
990 3607 1042 3667 est
1063 3599 1156 3669 enim

147 3731 253 3818 poetae
279 3721 448 3794 finitimus
477 3731 604 3807 orator,
632 3723 746 3793 minus
774 3723 926 3794 numeris
947 3720 1154 3807 adstrictus,

147 3844 398 3942 verborumque
412 3846 550 3918 licentia
561 3845 761 3932 modestior,
780 3847 898 3918 multis
913 3827 994 3918 vero
1010 3847 1156 3920 ornandi

148 3970 329 4073 generibus
357 3950 468 4082 socius
503 3986 537 4044 et
563 3996 659 4069 paene
689 3997 764 4070 par.
793 3976 869 4044 Haec
901 3985 1017 4046 autem
1047 3997 1155 4070 quum

184 4165 219 4236 (l)
239 4165 401 4235 Daorotorc,
413 4165 433 4222 1.
450 4169 544 4232 l,xv1.
