2836 4880
528 413 568 428 ..-
592 386 626 445 11
652 415 690 428 .-

94 516 301 614 explanent.
326 515 478 600 Ennius,
500 515 662 600 Naevius,
683 515 819 602 Attius,
843 515 964 593 subtili
990 521 1116 594 mentis

94 641 280 725 acumine,
295 647 418 736 arguto
428 637 676 724 concinnitate,
693 637 803 712 laceto
825 639 941 738 lepore
959 666 1117 717 nonnun-

95 790 236 862 quam,
270 761 478 859 exemplaria
510 785 622 860 graeca
650 762 792 836 feliciter
823 766 1041 839 aemulantur.
1078 771 1117 840 ln

98 891 303 983 Cresphonte,
321 887 431 960 filiam
453 897 488 958 et
501 898 658 983 patrem,
678 890 749 962 acri
766 893 984 964 contentione
1002 893 1117 966 rixan-

95 1027 176 1099 tes,
194 1013 369 1111 Euripidis
397 1012 544 1088 solertiae
569 1038 639 1088 non
660 1015 786 1112 imper,
812 1019 945 1090 Ennius
969 1018 1114 1092 inducit.

94 1139 254 1238 Argutiis
273 1139 377 1212 etiam
394 1136 473 1234 plus
490 1139 597 1222 nimio
611 1141 763 1236 quaesitis
772 1148 1004 1240 juvenaturet
1019 1142 1116 1218 luxu-

96 1263 187 1349 rial,
207 1274 247 1338 ut
263 1263 300 1336 in
316 1263 503 1355 lpltipenio:

181 1457 269 1520 Otiod
284 1460 316 1520 in
328 1460 423 1520 otioso
436 1461 554 1523 animus
567 1461 660 1520 nescit
675 1459 748 1538 quid
761 1461 833 1521 velit
852 1463 904 1540 (l).

139 1640 213 1703 Plus
226 1643 327 1718 negoti
340 1642 448 1717 babet,
464 1661 557 1722 quam
571 1660 669 1721 ,quum
683 1647 728 1706 est
748 1645 905 1720 negotium
919 1645 951 1708 in
963 1647 1095 1720 negotio.

147 1823 194 1894 Et
210 1823 248 1894 in
269 1825 433 1894 Proeto:

181 2015 313 2078 Stultust
328 2020 380 2096 qui
395 2019 504 2099 cupida
516 2020 639 2100 cupiens
652 2020 807 2099 cupienter
821 2021 903 2102 cupit
920 2019 974 2104 (ἢ).

149 2197 212 2270 llla
235 2198 393 2296 putidam
419 2200 673 2274 affectationem
702 2196 867 2296 produnt.
897 2199 1114 2298 Elegantiem

97 2346 180 2395 vero
195 2321 459 2410 modestiorem,
472 2323 561 2396 sales
578 2325 716 2408 atticos,
734 2323 949 2420 facetamque
964 2322 1116 2420 philoso-

98 2445 237 2542 phiam,
255 2471 364 2542 quum
378 2448 415 2517 in
431 2446 619 2543 quamdam
633 2445 858 2543 impudicam,
878 2447 992 2548 autin
1008 2471 1115 2546 augu-

99 2559 155 2644 res
173 2572 347 2644 invehitur
366 2570 437 2669 (3),
454 2572 586 2642 Ennius
603 2571 702 2644 nobis
715 2579 793 2668 jure
810 2571 983 2667 probaret.
1003 2573 1113 2655 Quem

100 2695 256 2766 imitatur
274 2693 377 2766 simili
394 2694 621 2791 scepticorum
637 2693 816 2766 dicacitate
834 2692 970 2790 lepidus
989 2704 1024 2765 et
1039 2695 1114 2767 ele-

54 2863 62 2878 ι
100 2842 187 2918 gans
204 2817 349 2892 Attius:

178 3021 259 3084 Nihil
275 3021 364 3082 credo
377 3021 542 3095 auguribus
557 3023 609 3099 qui
624 3039 712 3082 aures
725 3021 824 3083 verbis
838 3023 965 3086 divitant

180 3133 313 3208 Alienae,
330 3149 398 3194 suas
411 3136 446 3193 ut
459 3151 533 3193 auro
548 3131 733 3212 locupletent
748 3131 853 3194 domos
867 3131 920 3215 (l).

146 3315 343 3386 Graecorum
366 3313 558 3409 praesertim
584 3313 704 3412 figuris
729 3313 779 3386 illi
794 3306 927 3386 veteres
955 3316 1113 3388 efflores-

101 3450 202 3522 cunt,
220 3438 398 3511 antithetis
414 3437 612 3537 indulgent,
631 3450 671 3512 ut
687 3439 802 3511 Attius
819 3439 856 3510 in
870 3441 1036 3510 Philoctete
1052 3464 1061 3508 :

178 3633 300 3711 Configo
314 3635 419 3698 tardus
435 3635 561 3710 celeres,
576 3640 658 3706 stans
671 3635 817 3699 volatiles.

137 3865 172 3936 (l)
188 3865 281 3923 Bothe.
295 3865 434 3939 Ipbr'peo.‚
447 3882 475 3940 p.
492 3870 538 3925 et.

134 3961 169 4033 (ἢ)
185 3961 298 4032 Ibidem,
312 3978 340 4034 p.
354 3967 400 4020 59.

133 4060 169 4129 (3)
183 4058 297 4127 Ibidem,
314 4060 435 4132 Telemo„
450 4077 478 4133 p.
492 4065 537 4120 62.

137 4155 172 4228 (t)
188 4156 300 4230 Ibidem,
316 4159 473 4232 Asopum,
490 4175 517 4232 p.
535 4163 596 4217 lot.
640 4203 643 4210 ⁴
