2866 4866
556 417 597 430 -
619 383 679 444 ldb
700 415 741 430 -

126 507 182 582 ad
201 506 275 580 haec
291 531 401 607 usque
417 535 427 583 ε

378 713 512 791 Accede,
529 722 637 792 gnam,
656 719 782 792 adsiste,
799 723 859 782 etc.

124 922 236 1020 graeci
257 922 410 1020 vestigiis
432 923 615 1011 insistens,
643 949 779 998 summa
799 927 834 998 vi
854 937 891 998 et
914 925 1000 1011 lide,
1026 938 1060 1000 et
1086 927 1152 1001 ele-

125 1047 251 1144 gantia
268 1047 440 1142 quadam,
459 1048 564 1121 verba
587 1050 658 1122 fere
680 1051 793 1124 verbis
818 1051 963 1124 reddere
991 1063 1148 1126 conatur.

93 1217 99 1258 :
125 1171 168 1240 Si
192 1193 274 1242 vero
308 1181 469 1268 reputent
495 1197 575 1245 cum
601 1174 767 1270 Sophocle
796 1176 994 1248 Ciceronem
1019 1175 1152 1249 colluc-

91 1357 94 1364 ,
126 1296 225 1381 tari,
245 1319 347 1369 nemo
373 1299 503 1394 estqui
527 1323 597 1371 non
623 1299 721 1371 illum
746 1300 889 1372 feliciter
911 1277 1096 1372 audentem
1114 1301 1151 1373 in
1201 1295 1206 1304 ’

88 1401 95 1445 ³
125 1417 289 1491 hocloco
307 1422 464 1492 miretur.
485 1421 711 1495 Concedimus
731 1436 847 1495 autern
870 1425 907 1495 in
925 1425 1033 1496 altera
1051 1435 1151 1520 parto

124 1543 263 1615 abscidi
287 1544 456 1641 plurima,
476 1547 633 1619 contrahi
650 1549 809 1645 quaedam
829 1559 863 1620 et
879 1551 995 1621 omnia
1020 1548 1151 1622 debili-

97 1648 103 1758 l
124 1669 217 1754 tari,
237 1673 393 1765 quamvis
412 1665 528 1744 tamen
549 1685 583 1744 et
599 1672 839 1746 hicnonnulla
854 1660 1057 1746 remaneant
1074 1699 1150 1771 quae

95 1766 102 1916 l
125 1803 271 1889 poetam
288 1819 425 1891 quoque
443 1797 573 1891 spirare
588 1797 784 1870 videantur.
945 1777 947 1782 X

180 1918 378 1990 Secundum
391 1943 494 2014 quom
503 1919 719 1993 laudavimus
733 1921 860 2004 locum,
873 1945 942 1994 uon
953 1929 1027 2020 jam
1037 1947 1150 1996 exem·

124 2039 221 2138 plari
238 2065 348 2140 graeco
367 2042 521 2114 conferre
538 2041 635 2128 licet,
655 2067 764 2139 quum
783 2047 874 2114 solati
885 2045 1058 2114 Promethei
1067 2069 1150 2141 pau-

123 2166 278 2237 cissimae
299 2168 490 2262 surpersint
513 2166 686 2263 reliquiae,
715 2167 805 2238 inter
830 2191 917 2264 quas
935 2166 995 2238 illa
1019 2164 1152 2239 deside-

122 2302 240 2377 ratur,
261 2317 336 2388 quae
362 2293 461 2365 nobis
478 2295 671 2367 necessaria
688 2293 788 2364 foret.
814 2293 860 2364 At
884 2294 960 2389 ipsa
978 2293 1150 2364 Ciceronis

124 2416 367 2512 interpretatio
398 2416 453 2488 vel
480 2416 633 2513 AEschyli
665 2415 883 2512 deperditum
918 2417 1150 2512 fragmentum

125 2538 293 2634 supplere
311 2549 438 2634 potest,
459 2550 493 2610 et
503 2541 560 2610 vir
570 2539 670 2609 fateri
686 2535 898 2622 dubitemus,
914 2539 950 2608 in
960 2539 1150 2611 imitatione

126 2663 240 2734 latina
266 2664 446 2760 spiritum,
465 2665 598 2735 animos
615 2673 649 2734 ct
666 2662 846 2735 audaciam
875 2663 996 2760 tragici
1024 2666 1150 2737 veteris

127 2787 349 2884 aliquatenus
368 2788 507 2859 excitari
524 2798 558 2860 et
575 2787 709 2860 ardere.
749 2845 751 2850 .

182 2912 273 2997 lllic,
293 2914 367 2984 sine
391 2911 515 2998 dubio,
538 2911 691 2983 doctiora
707 2911 839 3009 Virgilii
859 2913 1012 2984 carmina
1029 2913 1151 3008 requi-

130 3061 275 3123 ramus,
293 3061 438 3133 quorum
456 3036 579 3109 vividis
597 3015 785 3122 coloribus,
809 3038 981 3133 variisque
997 3038 1150 3109 numeris

131 3172 168 3232 et
194 3163 363 3257 expressis
388 3161 598 3259 imaginibus
623 3185 678 3233 res
704 3162 779 3258 ipsa
802 3160 902 3234 nobis
929 3170 1008 3230 ante
1033 3159 1150 3232 oculos

130 3290 347 3386 proponitur.
377 3291 473 3359 Hanc
498 3289 631 3384 poesim
656 3312 735 3360 vere
766 3289 937 3382 picturam
963 3286 1145 3358 habemus·

131 3415 264 3500 Quibus
292 3415 438 3485 fortasse
472 3413 633 3486 laudibus
669 3413 810 3484 inferior
840 3401 946 3483 enitet
977 3412 1149 3484 Ciceronis

129 3540 295 3624 imitati03
316 3549 351 3610 at
368 3537 553 3610 verborum
568 3539 602 3612 vi
621 3549 655 3610 et
671 3536 846 3635 pondere,
868 3548 902 3608 et
919 3537 993 3632 ipso
1010 3534 1148 3609 durime

130 3665 340 3763 lineamento
368 3688 438 3760 non
473 3663 624 3734 alienum
651 3661 716 3734 hoc
750 3662 922 3734 horrendo
954 3662 1148 3756 spectaculo

77 3791 80 3806 ¹
132 3791 282 3863 colorem
300 3789 446 3860 induxit.
470 3791 606 3884 ltaque,
637 3797 676 3858 ut
701 3786 884 3883 adspice,
913 3785 961 3857 sic
986 3796 1086 3882 aptus
1103 3785 1166 3860 ad.

148 3917 263 4013 ragica
277 3938 398 3986 versus
415 3937 436 3984 a
453 3913 615 3985 Cicerone
632 3911 780 3984 nobilius
801 3910 922 3984 excudi
938 3911 1096 3997 videtur;

214 4127 253 4188 Et
270 4129 370 4190 docuit
389 4137 594 4208 magnumque
609 4127 692 4206 loqui
706 4131 820 4208 nitique
835 4125 995 4190 cothurno.
