2814 4878
698 363 863 422 ..56-

274 501 387 594 poesis
400 497 543 570 heroica
558 521 659 570 musa
676 509 784 594 poetae
793 507 926 597 majora
940 501 1077 572 canenti
1093 502 1294 573 necessario

274 621 428 694 vocanda
447 622 512 694 fuit
529 621 678 719 adjutrix
706 633 740 694 et
766 623 839 696 sola
861 625 1057 696 certaminis
1075 625 1215 723 gloriosi
1237 649 1294 696 re-

274 747 497 840 muneratrix.
518 749 708 843 Supersunt
722 755 796 844 ejus
811 747 890 820 libri
907 759 977 822 tres
989 751 1130 822 omnino
1147 774 1288 834 versus,

275 868 400 966 quibus
420 868 569 964 Calliope
594 871 747 942 Ciceroni
764 870 900 956 suadet,
921 883 960 944 ut
977 873 1100 968 prioris
1119 873 1197 944 vitae
1210 896 1293 944 ses-

275 996 366 1092 tigiis
384 1003 582 1066 constanter
600 995 748 1066 insistat.

324 1123 434 1217 HuJus
446 1120 614 1215 poematis
631 1121 800 1192 rationem
811 1131 846 1192 et
862 1119 1043 1192 consilium
1060 1144 1181 1192 rursus
1198 1118 1292 1192 ordi-

276 1268 359 1315 nare
373 1245 505 1327 consti,
522 1243 565 1315 ab
583 1267 624 1316 ea
636 1243 889 1340 probabilitate,
905 1267 1010 1340 quam
1027 1243 1155 1339 ubique
1171 1244 1289 1315 Cicero

275 1369 456 1468 predicat,
476 1394 617 1465 prorsus
637 1395 701 1442 nos
713 1370 925 1442 aberravisse
942 1393 1012 1442 non
1028 1371 1222 1466 opinamur.
1236 1371 1289 1440 Ne

276 1505 392 1565 tamen
408 1491 588 1564 videamur
610 1492 720 1564 multa
738 1492 896 1564 licentius
916 1492 1101 1577 effinxisse,
1123 1517 1191 1588 quo
1207 1492 1289 1564 faci·
1393 1543 1394 1546 ,

274 1618 340 1690 lius
358 1619 556 1690 Ciceronem
580 1617 757 1688 innoxium
776 1639 1012 1714 argueremus,
1033 1641 1109 1712 quae
1128 1627 1289 1688 constant
1393 1627 1394 1640 *

274 1767 366 1814 nuuc
382 1744 419 1813 in
433 1742 700 1814 controversiam
718 1752 853 1813 tantum
872 1741 1101 1814 adducantur.

323 1867 471 1940 Consilio
487 1869 578 1940 lovis
593 1867 787 1940 admittitur
800 1869 1055 1964 Cicero,quem
1065 1891 1185 1940 omnes
1196 1878 1289 1939 artes
1393 1913 1394 1976 3

275 1993 451 2066 edocuisse
462 1997 615 2068 Minerva
624 2019 661 2066 se
670 1994 863 2090 profitetur.
874 1998 995 2092 Ignota
1004 2018 1105 2066 musa
1114 1995 1300 2090 primum„

275 2124 402 2196 Urania
435 2121 579 2205 deinde,
610 2122 810 2215 Jupiterque
837 2122 990 2192 vicissim
1019 2144 1098 2192 eum
1127 2119 1288 2194 laudibus
1392 2117 1394 2142 ¹

274 2245 462 2328 extollunt,
493 2256 553 2314 aut
579 2243 720 2315 consilio
744 2251 885 2340 juvant3
916 2245 1021 2316 choro
1048 2245 1219 2342 denique,
1247 2257 1288 2316 ut

273 2367 482 2463 praeconinm
496 2377 531 2438 et
549 2368 701 2438 monitus
718 2367 916 2464 amplificet,
938 2368 1087 2466 Calliope
1107 2371 1285 2442 miscetur.

274 2493 356 2580 Quae
389 2489 532 2563 tradidit
569 2492 777 2587 antiquitas,
807 2516 877 2563 non
906 2494 942 2563 in
977 2493 1128 2566 deterius
1154 2505 1288 2566 vertere
1392 2549 1394 2594 3

273 2615 428 2686 nitimur.
458 2617 562 2686 Prout
592 2617 799 2699 occurrunt,
831 2615 1031 2712 simpliciter
1061 2640 1101 2688 ea
1134 2617 1287 2688 conferre
1392 2607 1394 2666 ἶ

273 2740 465 2812 studemus.
496 2738 596 2822 Quod
625 2739 730 2834 igitur
750 2740 863 2833 operis
882 2741 1063 2812 consilium
1081 2741 1161 2813 iude
1178 2743 1305 2837 possit,

274 2865 419 2946 exoriri,
440 2861 676 2956 dispiciamus.
1393 2851 1394 2864 ¹

320 2989 390 3058 Nos
408 2985 520 3058 adhuc
538 3008 607 3057 non
623 2986 722 3082 fugit,
743 3013 812 3084 qua
836 2989 1034 3062 Ciceronem
1053 2993 1286 3076 Quintilianus
1392 3031 1394 3084 l

273 3109 489 3182 excusatione
518 3121 770 3206 prosequatur,
800 3136 908 3208 quum
942 3115 986 3187 ad
1016 3118 1107 3190 loris
1142 3119 1284 3190 consilia

274 3244 432 3328 raptum,
466 3245 500 3304 et
528 3234 688 3306 edoctum
714 3258 734 3304 a
759 3235 913 3307 Minerva
929 3249 1066 3334 poetam
1086 3253 1283 3314 memorat:

280 3358 405 3441 «Quae
443 3356 508 3428 sibi
540 3360 682 3444 Cicerc,
713 3370 859 3430 secutus
896 3363 1055 3458 quadam
1092 3367 1286 3438 Graeeorum

276 3483 447 3578 exempla,
479 3485 694 3578 permiserat.
725 3513 741 3551 a
771 3484 1052 3581 Vulgatissimum
1077 3487 1181 3583 igitur
1197 3513 1286 3586 poe-

276 3607 378 3678 matis
394 3608 576 3691 rationem,
599 3620 632 3678 et
649 3633 670 3678 a
687 3609 917 3682 mediocribus
944 3609 1052 3705 poetis
1077 3609 1284 3686 celebratam

275 3741 518 3826 usurpaverat3
539 3741 585 3815 et,
605 3730 689 3802 dum
718 3733 784 3804 alio
813 3744 929 3803 mente
946 3732 1161 3826 respiciebat,
1191 3739 1283 3834 quod

275 3880 311 3926 m
329 3855 537 3928 carminibus
556 3857 644 3927 tenti
662 3857 778 3943 refert,
798 3856 979 3929 eonsilium
996 3860 1107 3954 operis
1122 3860 1220 3936 llocci
1237 3867 1253 3937 f
1270 3907 1283 3918 -

276 3982 387 4063 ciens,
408 3978 492 4050 illud
507 3980 554 4052 ab
576 3979 651 4050 aliis
677 3991 804 4052 temere
824 3988 1000 4050 mutuatus
1023 3981 1145 4056 luerat.
1173 3990 1282 4072 Quam

276 4115 391 4175 autem
416 4105 527 4198 operis
548 4127 683 4176 summa
701 4103 745 4174 sit
762 4102 890 4185 infelix,
911 4103 1198 4181 considerandum
1216 4121 1279 4183 est.
