2836 4880
544 417 582 433 ..
606 388 646 452 65
671 424 706 434 -

1 582 3 591 .
111 517 167 589 his
185 531 224 592 ut
240 519 464 616 amplioribus
481 521 725 611 immoremur;
744 527 879 600 minora
904 525 1029 605 deinde
1049 537 1127 608 Pro·

107 650 317 736 gnosticorum
335 642 528 742 fragmenta
546 658 619 720 tota
637 650 837 726 referemus.

156 762 288 840 'Locum
310 791 392 840 sane
412 767 604 857 difficilem,
625 775 892 875 nominibusque
921 786 1068 881 propriis
1093 800 1127 860 et

107 892 245 964 minuta
270 892 485 990 singulorum
513 895 738 992 euplicatione
770 901 841 974 iere
872 905 1125 984 intractabilem

108 1017 160 1088 sic
179 1017 318 1114 exponit
336 1019 452 1091 Cicero
474 1044 482 1091 :
646 1019 648 1024 ’

191 1192 232 1252 At
244 1196 366 1272 propter
380 1192 491 1252 levum
511 1210 605 1266 genus
618 1197 700 1256 omni
712 1213 749 1257 ex
762 1203 848 1278 parte
862 1201 996 1281 locatas,

193 1299 303 1361 Parvos
315 1299 462 1375 Vergilias
476 1305 559 1362 tenui
573 1321 643 1364 cum
655 1305 722 1367 luce
735 1309 860 1372 videbis.

190 1409 246 1470 Hae
257 1414 370 1490 septem
384 1410 475 1484 vulgo
486 1413 683 1492 perhibentur
696 1423 909 1482 morevetusto

193 1518 303 1592 Stellae,
320 1524 486 1581 cernuntur
497 1539 568 1582 vero
581 1540 631 1583 sex
646 1525 779 1603 undique
796 1546 908 1606 parva.

191 1629 230 1689 At
244 1647 304 1689 non
318 1630 463 1691 interiisse
478 1633 579 1710 putari
594 1631 732 1698 comem
746 1655 841 1698 unam
856 1657 865 1714 ;

191 1734 248 1797 Sed
260 1736 371 1798 frustra
382 1742 496 1800 temere
511 1759 528 1801 a
543 1741 635 1814 vulgo
650 1745 768 1804 ratione
785 1747 848 1806 sinc
865 1746 928 1808 ulla

196 1845 316 1924 Septem
331 1846 433 1920 dicier,
448 1851 483 1908 ut
495 1853 611 1908 veteres
626 1853 759 1911 statuere
773 1857 890 1933 poeta,

189 1953 316 2015 AEterno
327 1958 449 2016 cunctas
461 1973 526 2016 aevo
539 1959 591 2034 qui
607 1961 728 2020 nomine
742 1960 885 2034 dignant:

189 2063 335 2142 Alcyone,
356 2063 555 2144 Meropeque,
571 2063 704 2140 Celaeno,
720 2067 930 2148 Taygeteque,

187 2171 321 2244 Electra,
340 2170 538 2252 Steropeque,
556 2175 646 2234 simul
660 2177 845 2238 sanctissima
857 2177 948 2240 Maia.

187 2277 244 2339 11ae
255 2283 361 2338 tenues
374 2296 466 2358 parvo
479 2279 613 2340 labentes
626 2279 742 2342 lumine
753 2281 855 2342 lucent
868 2301 877 2359 ;

188 2390 228 2450 at
242 2405 386 2464 magnum
399 2408 510 2451 nornen
523 2391 599 2465 signi
614 2391 790 2470 clarumque
803 2397 947 2467 vocator,

188 2499 349 2579 Propterea
363 2499 443 2577 quod
457 2507 487 2560 et
501 2502 611 2560 astatis
624 2502 787 2580 primordia
800 2502 893 2564 clarat
907 2547 916 2575 ,

158 2641 161 2648 ι
186 2605 227 2666 Et
240 2610 322 2684 post,
339 2606 456 2666 hiberni
469 2605 663 2684 praepandens
677 2609 821 2685 temporis
837 2611 937 2680 ortus,

187 2713 356 2788 Admonet,
374 2717 408 2774 ut
421 2715 564 2775 mandent
579 2713 719 2776 mortales
734 2716 849 2776 semina
864 2717 961 2776 terris.

103 2876 188 2945 Tres
209 2874 340 2970 primos
367 2875 465 2956 Arati
493 2897 614 2956 versus
643 2874 761 2949 Cicero
786 2873 977 2959 contrabit,
996 2885 1032 2946 et
1049 2897 1119 2945 uno

104 2998 210 3071 verbo
233 3023 394 3096 «parvas
415 3029 432 3068 a
456 3001 685 3098 periphrasim
705 3000 822 3074 reddit
845 3023 1119 3098 ‹neevcrospe·

105 3126 215 3197 tiosns
229 3127 406 3200 universas
423 3126 519 3200 loeus
538 3128 690 3200 continet
710 3126 759 3224 (l)
774 3151 810 3212 3»
826 3127 863 3198 in
876 3126 1017 3223 reliquis
1026 3125 1118 3200 fidus

104 3250 288 3347 interpres.
302 3253 342 3322 ln
360 3251 461 3323 tertio
484 3263 682 3348 «septem»
708 3276 771 3348 pro
790 3280 806 3320 a
826 3250 1074 3351 septemgradae
1096 3281 1112 3320 a

105 3373 226 3472 friget;
247 3399 372 3446 «more
387 3385 552 3447 vetusto»
569 3376 759 3462 redundat,
780 3387 819 3448 ut
835 3377 872 3448 in
889 3388 1012 3474 quarto
1030 3400 1118 3450 «sex

97 3481 259 3597 'undique
276 3525 401 3598 parva.
425 3528 440 3568 a
560 3557 563 3564 .

188 3667 246 3731 Sed
259 3667 370 3731 trustra
384 3674 498 3731 temere
516 3687 534 3729 a
546 3668 637 3744 vulgo
652 3671 767 3732 ratione
780 3671 842 3732 sine
856 3669 936 3745 ulla,

154 3828 284 3902 lnfelici
309 3827 559 3914 redundantia,
581 3853 650 3925 qua
679 3829 722 3901 de
749 3829 929 3904 consulatu
954 3851 1113 3915 carmen,

31 3943 49 3976 ⁴
104 3939 232 4024 iterum
250 3953 412 4026 inficitur.
1113 3953 1117 3960 ’

143 4147 180 4212 (t)
199 4146 269 4206 Edit
283 4146 370 4208 Didot.
385 4146 536 4224 Phocum,
553 4163 615 4222 pag.
629 4153 662 4223 5,
677 4165 745 4209 vers.
758 4151 820 4210 25l.
928 4181 932 4206 ι
