<?xml version="1.0" encoding="UTF-8"?>
<!DOCTYPE html PUBLIC "-//W3C//DTD XHTML 1.0 Transitional//EN"
    "http://www.w3.org/TR/xhtml1/DTD/xhtml1-transitional.dtd">
<html xmlns="http://www.w3.org/1999/xhtml" xml:lang="en" lang="en">
 <head>
  <title>
</title>
<meta http-equiv="Content-Type" content="text/html;charset=utf-8" />
  <meta name='ocr-system' content='tesseract 3.04.00' />
  <meta name='ocr-capabilities' content='ocr_page ocr_carea ocr_par ocr_line ocrx_word'/>
</head>
<body>
  <div class='ocr_page' id='page_1' title='image "./depoeticamtulli01fagugoog_0107.png"; bbox 0 0 2866 4866; ppageno 0'>
   <div class='ocr_carea' id='block_1_1' title="bbox 521 367 682 426">
    <p class='ocr_par' dir='ltr' id='par_1_1' title="bbox 521 367 682 426">
     <span class='ocr_line' id='line_1_1' title="bbox 521 367 682 426; baseline 0.006 -14"><span class='ocrx_word' id='word_1_1' title='bbox 521 367 682 426; x_wconf 72' lang='lat'>..97-</span> 
     </span>
    </p>
   </div>
   <div class='ocr_carea' id='block_1_2' title="bbox 1 499 1143 4071">
    <p class='ocr_par' dir='ltr' id='par_1_2' title="bbox 1 499 1109 1340">
     <span class='ocr_line' id='line_1_2' title="bbox 93 499 1103 596; baseline 0.002 -21.838"><span class='ocrx_word' id='word_1_2' title='bbox 93 503 334 576; x_wconf 88' lang='lat' dir='ltr'><strong>testimonium</strong></span> <span class='ocrx_word' id='word_1_3' title='bbox 347 513 381 574; x_wconf 90' lang='lat' dir='ltr'><strong>et</strong></span> <span class='ocrx_word' id='word_1_4' title='bbox 397 502 635 574; x_wconf 85' lang='lat' dir='ltr'><strong>auctoritatem</strong></span> <span class='ocrx_word' id='word_1_5' title='bbox 652 499 840 596; x_wconf 88' lang='lat' dir='ltr'><strong>appellant,</strong></span> <span class='ocrx_word' id='word_1_6' title='bbox 856 503 1103 590; x_wconf 68' lang='lat' dir='ltr'><strong>uiuentium,</strong></span> 
     </span>
     <span class='ocr_line' id='line_1_3' title="bbox 1 623 1105 723; baseline 0.003 -27"><span class='ocrx_word' id='word_1_7' title='bbox 1 623 3 659; x_wconf 76' lang='lat'><em>³</em></span> <span class='ocrx_word' id='word_1_8' title='bbox 93 626 184 698; x_wconf 87' lang='lat' dir='ltr'><strong>alter</strong></span> <span class='ocrx_word' id='word_1_9' title='bbox 214 629 411 699; x_wconf 82' lang='lat' dir='ltr'>Ciceronem</span> <span class='ocrx_word' id='word_1_10' title='bbox 438 625 569 698; x_wconf 85' lang='lat' dir='ltr'><strong>laudat.</strong></span> <span class='ocrx_word' id='word_1_11' title='bbox 602 627 719 700; x_wconf 92' lang='lat' dir='ltr'><strong>Utrius</strong></span> <span class='ocrx_word' id='word_1_12' title='bbox 735 626 772 696; x_wconf 91' lang='lat' dir='ltr'><strong>in</strong></span> <span class='ocrx_word' id='word_1_13' title='bbox 787 624 892 698; x_wconf 85' lang='lat' dir='ltr'><strong>verba</strong></span> <span class='ocrx_word' id='word_1_14' title='bbox 916 625 1105 723; x_wconf 86' lang='lat' dir='ltr'><strong>jurandum</strong></span> 
     </span>
     <span class='ocr_line' id='line_1_4' title="bbox 95 745 1108 844; baseline 0.005 -26"><span class='ocrx_word' id='word_1_15' title='bbox 95 745 178 819; x_wconf 79' lang='lat' dir='ltr'><strong>est?</strong></span> <span class='ocrx_word' id='word_1_16' title='bbox 205 749 382 833; x_wconf 87' lang='lat' dir='ltr'><strong>neutrius,</strong></span> <span class='ocrx_word' id='word_1_17' title='bbox 405 748 498 843; x_wconf 91' lang='lat' dir='ltr'><strong>quod</strong></span> <span class='ocrx_word' id='word_1_18' title='bbox 529 747 670 844; x_wconf 88' lang='lat' dir='ltr'><strong>quidem</strong></span> <span class='ocrx_word' id='word_1_19' title='bbox 699 746 925 834; x_wconf 83' lang='lat' dir='ltr'><strong>arbitremur3</strong></span> <span class='ocrx_word' id='word_1_20' title='bbox 958 749 1018 821; x_wconf 91' lang='lat' dir='ltr'><strong>sed</strong></span> <span class='ocrx_word' id='word_1_21' title='bbox 1041 751 1108 824; x_wconf 89' lang='lat' dir='ltr'><strong>alio</strong></span> 
     </span>
     <span class='ocr_line' id='line_1_5' title="bbox 93 873 1109 972; baseline 0.001 -26"><span class='ocrx_word' id='word_1_22' title='bbox 93 875 373 970; x_wconf 78' lang='lat' dir='ltr'><strong>circumspicere,</strong></span> <span class='ocrx_word' id='word_1_23' title='bbox 394 885 428 944; x_wconf 90' lang='lat' dir='ltr'><strong>et</strong></span> <span class='ocrx_word' id='word_1_24' title='bbox 453 873 540 944; x_wconf 89' lang='lat' dir='ltr'><strong>alius</strong></span> <span class='ocrx_word' id='word_1_25' title='bbox 567 873 687 944; x_wconf 80' lang='lat' dir='ltr'>arbitri</span> <span class='ocrx_word' id='word_1_26' title='bbox 716 873 896 944; x_wconf 92' lang='lat' dir='ltr'><strong>consilium</strong></span> <span class='ocrx_word' id='word_1_27' title='bbox 927 897 1109 972; x_wconf 80' lang='lat' dir='ltr'><strong>exposcere</strong></span> 
     </span>
     <span class='ocr_line' id='line_1_6' title="bbox 1 997 1109 1096; baseline 0.002 -26"><span class='ocrx_word' id='word_1_28' title='bbox 1 1051 2 1056; x_wconf 18' lang='grc' dir='ltr'>η</span> <span class='ocrx_word' id='word_1_29' title='bbox 94 1001 264 1096; x_wconf 82' lang='lat' dir='ltr'><strong>cogimur.</strong></span> <span class='ocrx_word' id='word_1_30' title='bbox 297 1001 367 1070; x_wconf 92' lang='lat' dir='ltr'><strong>Cur</strong></span> <span class='ocrx_word' id='word_1_31' title='bbox 384 1009 520 1084; x_wconf 88' lang='lat' dir='ltr'><strong>autem,</strong></span> <span class='ocrx_word' id='word_1_32' title='bbox 542 999 579 1068; x_wconf 94' lang='lat' dir='ltr'><strong>in</strong></span> <span class='ocrx_word' id='word_1_33' title='bbox 596 997 661 1068; x_wconf 91' lang='lat' dir='ltr'><strong>hac</strong></span> <span class='ocrx_word' id='word_1_34' title='bbox 682 997 840 1095; x_wconf 89' lang='lat' dir='ltr'><strong>judicum</strong></span> <span class='ocrx_word' id='word_1_35' title='bbox 856 999 990 1096; x_wconf 87' lang='lat' dir='ltr'><strong>inopia,</strong></span> <span class='ocrx_word' id='word_1_36' title='bbox 1008 1001 1109 1072; x_wconf 86' lang='lat' dir='ltr'><strong>Cice-</strong></span> 
     </span>
     <span class='ocr_line' id='line_1_7' title="bbox 94 1118 1108 1224; baseline 0.004 -32"><span class='ocrx_word' id='word_1_37' title='bbox 94 1145 218 1192; x_wconf 91' lang='lat' dir='ltr'><strong>ronem</strong></span> <span class='ocrx_word' id='word_1_38' title='bbox 231 1121 275 1193; x_wconf 93' lang='lat' dir='ltr'><strong>ad</strong></span> <span class='ocrx_word' id='word_1_39' title='bbox 294 1123 427 1218; x_wconf 88' lang='lat' dir='ltr'><strong>ipsum,</strong></span> <span class='ocrx_word' id='word_1_40' title='bbox 449 1134 487 1194; x_wconf 92' lang='lat' dir='ltr'><strong>ut</strong></span> <span class='ocrx_word' id='word_1_41' title='bbox 504 1120 548 1194; x_wconf 90' lang='lat' dir='ltr'><strong>ad</strong></span> <span class='ocrx_word' id='word_1_42' title='bbox 560 1121 843 1218; x_wconf 76' lang='lat' dir='ltr'><strong>disceptatorem,</strong></span> <span class='ocrx_word' id='word_1_43' title='bbox 863 1146 933 1195; x_wconf 93' lang='lat' dir='ltr'><strong>non</strong></span> <span class='ocrx_word' id='word_1_44' title='bbox 946 1118 1108 1224; x_wconf 67' lang='lat' dir='ltr'><strong>&#39;confugiss</strong></span> 
     </span>
     <span class='ocr_line' id='line_1_8' title="bbox 95 1245 850 1340; baseline 0 -22"><span class='ocrx_word' id='word_1_45' title='bbox 95 1270 196 1340; x_wconf 89' lang='lat' dir='ltr'><strong>mus,</strong></span> <span class='ocrx_word' id='word_1_46' title='bbox 213 1259 247 1318; x_wconf 89' lang='lat' dir='ltr'><strong>et</strong></span> <span class='ocrx_word' id='word_1_47' title='bbox 268 1249 456 1319; x_wconf 74' lang='lat' dir='ltr'><strong>Tusculanos</strong></span> <span class='ocrx_word' id='word_1_48' title='bbox 474 1249 599 1320; x_wconf 84' lang='lat' dir='ltr'><strong>iterum</strong></span> <span class='ocrx_word' id='word_1_49' title='bbox 615 1245 850 1320; x_wconf 82' lang='lat' dir='ltr'><strong>revolvimus?</strong></span> 
     </span>
    </p>

    <p class='ocr_par' dir='ltr' id='par_1_3' title="bbox 96 1371 1112 2199">
     <span class='ocr_line' id='line_1_9' title="bbox 147 1371 1109 1469; baseline 0.002 -26"><span class='ocrx_word' id='word_1_50' title='bbox 147 1371 280 1456; x_wconf 88' lang='lat' dir='ltr'><strong>Quibus</strong></span> <span class='ocrx_word' id='word_1_51' title='bbox 301 1372 415 1444; x_wconf 86' lang='lat' dir='ltr'><strong>verbis</strong></span> <span class='ocrx_word' id='word_1_52' title='bbox 436 1373 597 1469; x_wconf 79' lang='lat' dir='ltr'><strong>praefatus</strong></span> <span class='ocrx_word' id='word_1_53' title='bbox 613 1373 766 1468; x_wconf 92' lang='lat' dir='ltr'><strong>primum</strong></span> <span class='ocrx_word' id='word_1_54' title='bbox 791 1372 877 1446; x_wconf 92' lang='lat' dir='ltr'><strong>illud</strong></span> <span class='ocrx_word' id='word_1_55' title='bbox 908 1401 923 1442; x_wconf 75' lang='lat' dir='ltr'><strong>r</strong></span> <span class='ocrx_word' id='word_1_56' title='bbox 950 1373 1109 1445; x_wconf 76' lang='lat' dir='ltr'><strong>Titanum</strong></span> 
     </span>
     <span class='ocr_line' id='line_1_10' title="bbox 97 1493 1109 1593; baseline 0.005 -27"><span class='ocrx_word' id='word_1_57' title='bbox 97 1493 251 1581; x_wconf 88' lang='lat' dir='ltr'><strong>soboles,</strong></span> <span class='ocrx_word' id='word_1_58' title='bbox 276 1524 292 1564; x_wconf 71' lang='lat' dir='ltr'><strong>s</strong></span> <span class='ocrx_word' id='word_1_59' title='bbox 316 1498 432 1568; x_wconf 91' lang='lat' dir='ltr'><strong>Cicero</strong></span> <span class='ocrx_word' id='word_1_60' title='bbox 443 1495 600 1593; x_wconf 78' lang='lat' dir='ltr'><strong>&#39;profert‘i</strong></span> <span class='ocrx_word' id='word_1_61' title='bbox 618 1497 718 1568; x_wconf 87' lang='lat' dir='ltr'><strong>Illum</strong></span> <span class='ocrx_word' id='word_1_62' title='bbox 732 1497 852 1569; x_wconf 88' lang='lat' dir='ltr'><strong>audire</strong></span> <span class='ocrx_word' id='word_1_63' title='bbox 871 1497 1028 1570; x_wconf 92' lang='lat' dir='ltr'><strong>nonnihil</strong></span> <span class='ocrx_word' id='word_1_64' title='bbox 1044 1523 1109 1570; x_wconf 86' lang='lat' dir='ltr'><strong>ex—</strong></span> 
     </span>
     <span class='ocr_line' id='line_1_11' title="bbox 96 1597 1109 1718; baseline 0.004 -28"><span class='ocrx_word' id='word_1_65' title='bbox 96 1619 216 1716; x_wconf 88' lang='lat' dir='ltr'><strong>pedit:</strong></span> <span class='ocrx_word' id='word_1_66' title='bbox 255 1648 270 1687; x_wconf 79' lang='lat' dir='ltr'><strong>r</strong></span> <span class='ocrx_word' id='word_1_67' title='bbox 303 1622 425 1692; x_wconf 82' lang='lat' dir='ltr'><strong>Veniat</strong></span> <span class='ocrx_word' id='word_1_68' title='bbox 444 1618 646 1718; x_wconf 83' lang='lat' dir='ltr'><strong>AEscbylus,</strong></span> <span class='ocrx_word' id='word_1_69' title='bbox 672 1597 743 1692; x_wconf 84' lang='lat' dir='ltr'><strong>non</strong></span> <span class='ocrx_word' id='word_1_70' title='bbox 770 1632 872 1718; x_wconf 90' lang='lat' dir='ltr'><strong>poeta</strong></span> <span class='ocrx_word' id='word_1_71' title='bbox 891 1621 1025 1708; x_wconf 90' lang='lat' dir='ltr'><strong>solum,</strong></span> <span class='ocrx_word' id='word_1_72' title='bbox 1047 1622 1109 1695; x_wconf 90' lang='lat' dir='ltr'><strong>sed</strong></span> 
     </span>
     <span class='ocr_line' id='line_1_12' title="bbox 99 1745 1111 1842; baseline 0.006 -28"><span class='ocrx_word' id='word_1_73' title='bbox 99 1745 202 1815; x_wconf 89' lang='lat' dir='ltr'><strong>etiam</strong></span> <span class='ocrx_word' id='word_1_74' title='bbox 216 1745 463 1842; x_wconf 82' lang='lat' dir='ltr'><strong>Pythagoreus.</strong></span> <span class='ocrx_word' id='word_1_75' title='bbox 478 1745 533 1816; x_wconf 88' lang='lat' dir='ltr'><strong>Sic</strong></span> <span class='ocrx_word' id='word_1_76' title='bbox 543 1747 636 1816; x_wconf 90' lang='lat' dir='ltr'><strong>enim</strong></span> <span class='ocrx_word' id='word_1_77' title='bbox 648 1747 840 1842; x_wconf 88' lang='lat' dir='ltr'><strong>accepimus</strong></span> <span class='ocrx_word' id='word_1_78' title='bbox 846 1800 919 1818; x_wconf 89' lang='grc'><strong>.....</strong></span> <span class='ocrx_word' id='word_1_79' title='bbox 932 1747 1111 1830; x_wconf 87' lang='lat' dir='ltr'><strong>Quomodo</strong></span> 
     </span>
     <span class='ocr_line' id='line_1_13' title="bbox 97 1867 1108 1968; baseline 0.002 -26"><span class='ocrx_word' id='word_1_80' title='bbox 97 1867 165 1942; x_wconf 84' lang='lat' dir='ltr'><strong>fert</strong></span> <span class='ocrx_word' id='word_1_81' title='bbox 178 1868 269 1965; x_wconf 87' lang='lat' dir='ltr'><strong>apud</strong></span> <span class='ocrx_word' id='word_1_82' title='bbox 284 1893 364 1940; x_wconf 90' lang='lat' dir='ltr'><strong>eum</strong></span> <span class='ocrx_word' id='word_1_83' title='bbox 377 1869 600 1940; x_wconf 90' lang='lat' dir='ltr'><strong>Prometheus</strong></span> <span class='ocrx_word' id='word_1_84' title='bbox 619 1868 789 1953; x_wconf 85' lang='lat' dir='ltr'><strong>dolorem,</strong></span> <span class='ocrx_word' id='word_1_85' title='bbox 806 1894 910 1964; x_wconf 89' lang='lat' dir='ltr'><strong>quem</strong></span> <span class='ocrx_word' id='word_1_86' title='bbox 923 1874 1053 1968; x_wconf 83' lang='lat' dir='ltr'><strong>excepit</strong></span> <span class='ocrx_word' id='word_1_87' title='bbox 1065 1872 1108 1944; x_wconf 94' lang='lat' dir='ltr'><strong>ob</strong></span> 
     </span>
     <span class='ocr_line' id='line_1_14' title="bbox 97 1988 1112 2090; baseline 0.005 -29"><span class='ocrx_word' id='word_1_88' title='bbox 97 1991 229 2062; x_wconf 91' lang='lat' dir='ltr'><strong>furtum</strong></span> <span class='ocrx_word' id='word_1_89' title='bbox 242 1988 497 2061; x_wconf 82' lang='lat' dir='ltr'><strong>lemnium?...</strong></span> <span class='ocrx_word' id='word_1_90' title='bbox 520 1993 590 2060; x_wconf 90' lang='lat' dir='ltr'><strong>Has</strong></span> <span class='ocrx_word' id='word_1_91' title='bbox 609 1991 713 2087; x_wconf 88' lang='lat' dir='ltr'><strong>igitur</strong></span> <span class='ocrx_word' id='word_1_92' title='bbox 732 2015 853 2087; x_wconf 86' lang='lat' dir='ltr'><strong>poenas</strong></span> <span class='ocrx_word' id='word_1_93' title='bbox 865 1993 1035 2090; x_wconf 89' lang='lat' dir='ltr'><strong>pendens,</strong></span> <span class='ocrx_word' id='word_1_94' title='bbox 1055 1996 1112 2066; x_wconf 84' lang='lat' dir='ltr'><strong>af-</strong></span> 
     </span>
     <span class='ocr_line' id='line_1_15' title="bbox 97 2115 736 2199; baseline -0.005 -12"><span class='ocrx_word' id='word_1_95' title='bbox 97 2115 189 2187; x_wconf 85' lang='lat' dir='ltr'><strong>fixus</strong></span> <span class='ocrx_word' id='word_1_96' title='bbox 208 2115 252 2186; x_wconf 90' lang='lat' dir='ltr'><strong>ad</strong></span> <span class='ocrx_word' id='word_1_97' title='bbox 273 2117 485 2199; x_wconf 85' lang='lat' dir='ltr'><strong>Caucasum,</strong></span> <span class='ocrx_word' id='word_1_98' title='bbox 506 2115 578 2186; x_wconf 80' lang='lat' dir='ltr'><strong>bac</strong></span> <span class='ocrx_word' id='word_1_99' title='bbox 593 2115 687 2186; x_wconf 88' lang='lat' dir='ltr'><strong>dicit.</strong></span> <span class='ocrx_word' id='word_1_100' title='bbox 720 2145 736 2183; x_wconf 67' lang='lat' dir='ltr'><strong>s</strong></span> 
     </span>
    </p>

    <p class='ocr_par' dir='ltr' id='par_1_4' title="bbox 43 2239 1113 3332">
     <span class='ocr_line' id='line_1_16' title="bbox 147 2239 1112 2338; baseline 0.003 -28"><span class='ocrx_word' id='word_1_101' title='bbox 147 2239 349 2337; x_wconf 85' lang='lat' dir='ltr'><strong>AEsohylum</strong></span> <span class='ocrx_word' id='word_1_102' title='bbox 373 2241 478 2338; x_wconf 87' lang='lat' dir='ltr'><strong>igitur</strong></span> <span class='ocrx_word' id='word_1_103' title='bbox 502 2241 636 2336; x_wconf 91' lang='lat' dir='ltr'><strong>ipsum,</strong></span> <span class='ocrx_word' id='word_1_104' title='bbox 663 2265 733 2312; x_wconf 91' lang='lat' dir='ltr'><strong>non</strong></span> <span class='ocrx_word' id='word_1_105' title='bbox 761 2241 985 2336; x_wconf 85' lang='lat' dir='ltr'><strong>interpretem</strong></span> <span class='ocrx_word' id='word_1_106' title='bbox 1006 2241 1112 2314; x_wconf 89' lang='lat' dir='ltr'><strong>alium</strong></span> 
     </span>
     <span class='ocr_line' id='line_1_17' title="bbox 99 2363 1113 2463; baseline 0.007 -29"><span class='ocrx_word' id='word_1_107' title='bbox 99 2363 286 2460; x_wconf 88' lang='lat' dir='ltr'><strong>quemdam</strong></span> <span class='ocrx_word' id='word_1_108' title='bbox 300 2365 415 2436; x_wconf 90' lang='lat' dir='ltr'><strong>Cicero</strong></span> <span class='ocrx_word' id='word_1_109' title='bbox 427 2365 609 2463; x_wconf 88' lang='lat' dir='ltr'><strong>signifieat.</strong></span> <span class='ocrx_word' id='word_1_110' title='bbox 624 2363 714 2448; x_wconf 90' lang='lat' dir='ltr'><strong>Quid</strong></span> <span class='ocrx_word' id='word_1_111' title='bbox 732 2377 848 2437; x_wconf 86' lang='lat' dir='ltr'><strong>autem</strong></span> <span class='ocrx_word' id='word_1_112' title='bbox 858 2367 1020 2462; x_wconf 90' lang='lat' dir='ltr'><strong>ponderis</strong></span> <span class='ocrx_word' id='word_1_113' title='bbox 1033 2369 1113 2441; x_wconf 88' lang='lat' dir='ltr'><strong>huie</strong></span> 
     </span>
     <span class='ocr_line' id='line_1_18' title="bbox 99 2463 1112 2586; baseline 0.003 -26"><span class='ocrx_word' id='word_1_114' title='bbox 99 2463 304 2586; x_wconf 81' lang='lat' dir='ltr'><strong>argumento</strong></span> <span class='ocrx_word' id='word_1_115' title='bbox 318 2489 459 2560; x_wconf 86' lang='lat' dir='ltr'><strong>subesse</strong></span> <span class='ocrx_word' id='word_1_116' title='bbox 475 2489 604 2584; x_wconf 86' lang='lat' dir='ltr'><strong>possit,</strong></span> <span class='ocrx_word' id='word_1_117' title='bbox 620 2495 693 2584; x_wconf 86' lang='lat' dir='ltr'><strong>jam</strong></span> <span class='ocrx_word' id='word_1_118' title='bbox 703 2513 745 2558; x_wconf 81' lang='lat' dir='ltr'><strong>ex</strong></span> <span class='ocrx_word' id='word_1_119' title='bbox 755 2491 894 2559; x_wconf 91' lang='lat' dir='ltr'><strong>Homeri</strong></span> <span class='ocrx_word' id='word_1_120' title='bbox 910 2490 993 2560; x_wconf 90' lang='lat' dir='ltr'><strong>locis</strong></span> <span class='ocrx_word' id='word_1_121' title='bbox 1008 2516 1112 2586; x_wconf 88' lang='lat' dir='ltr'><strong>supra</strong></span> 
     </span>
     <span class='ocr_line' id='line_1_19' title="bbox 99 2609 1112 2709; baseline -0.004 -22"><span class='ocrx_word' id='word_1_122' title='bbox 99 2615 228 2687; x_wconf 88' lang='lat' dir='ltr'><strong>laudat</strong></span> <span class='ocrx_word' id='word_1_123' title='bbox 205 2625 249 2684; x_wconf 90' lang='lat' dir='ltr'><strong>t1s</strong></span> <span class='ocrx_word' id='word_1_124' title='bbox 281 2612 517 2709; x_wconf 88' lang='lat' dir='ltr'><strong>intelligimus</strong></span> <span class='ocrx_word' id='word_1_125' title='bbox 550 2609 691 2681; x_wconf 91' lang='lat' dir='ltr'><strong>Illorum</strong></span> <span class='ocrx_word' id='word_1_126' title='bbox 721 2611 813 2680; x_wconf 90' lang='lat' dir='ltr'><strong>enim</strong></span> <span class='ocrx_word' id='word_1_127' title='bbox 840 2610 1112 2707; x_wconf 81' lang='lat' dir='ltr'><strong>fragmentorum</strong></span> 
     </span>
     <span class='ocr_line' id='line_1_20' title="bbox 100 2734 1113 2846; baseline -0.004 -36"><span class='ocrx_word' id='word_1_128' title='bbox 100 2739 253 2822; x_wconf 90' lang='lat' dir='ltr'><strong>nullum,</strong></span> <span class='ocrx_word' id='word_1_129' title='bbox 278 2736 321 2846; x_wconf 82' lang='lat' dir='ltr'><strong>ab</strong></span> <span class='ocrx_word' id='word_1_130' title='bbox 345 2735 603 2806; x_wconf 88' lang='lat' dir='ltr'><strong>audentioribus</strong></span> <span class='ocrx_word' id='word_1_131' title='bbox 624 2734 791 2832; x_wconf 82' lang='lat' dir='ltr'><strong>paulatim</strong></span> <span class='ocrx_word' id='word_1_132' title='bbox 813 2735 938 2806; x_wconf 90' lang='lat' dir='ltr'><strong>criticis</strong></span> <span class='ocrx_word' id='word_1_133' title='bbox 961 2737 1113 2808; x_wconf 83' lang='lat' dir='ltr'><strong>Ciceroni</strong></span> 
     </span>
     <span class='ocr_line' id='line_1_21' title="bbox 101 2831 1112 2962; baseline -0.003 -25"><span class='ocrx_word' id='word_1_134' title='bbox 101 2890 171 2938; x_wconf 91' lang='lat' dir='ltr'><strong>non</strong></span> <span class='ocrx_word' id='word_1_135' title='bbox 195 2831 426 2962; x_wconf 80' lang='lat' dir='ltr'><strong>adscriptum,</strong></span> <span class='ocrx_word' id='word_1_136' title='bbox 452 2862 658 2934; x_wconf 80' lang='lat' dir='ltr'><strong>invenimus</strong></span> <span class='ocrx_word' id='word_1_137' title='bbox 685 2861 728 2931; x_wconf 92' lang='lat' dir='ltr'><strong>Hi</strong></span> <span class='ocrx_word' id='word_1_138' title='bbox 748 2884 828 2933; x_wconf 81' lang='lat' dir='ltr'><strong>vero</strong></span> <span class='ocrx_word' id='word_1_139' title='bbox 852 2885 921 2957; x_wconf 89' lang='lat' dir='ltr'><strong>qua</strong></span> <span class='ocrx_word' id='word_1_140' title='bbox 942 2861 1011 2933; x_wconf 87' lang='lat' dir='ltr'><strong>fide</strong></span> <span class='ocrx_word' id='word_1_141' title='bbox 1034 2861 1112 2934; x_wconf 78' lang='lat' dir='ltr'><strong>freti</strong></span> 
     </span>
     <span class='ocr_line' id='line_1_22' title="bbox 96 2981 1109 3090; baseline -0.002 -28"><span class='ocrx_word' id='word_1_142' title='bbox 96 2998 171 3090; x_wconf 87' lang='lat' dir='ltr'><strong>jam</strong></span> <span class='ocrx_word' id='word_1_143' title='bbox 195 2986 422 3061; x_wconf 80' lang='lat' dir='ltr'><strong>consensere?</strong></span> <span class='ocrx_word' id='word_1_144' title='bbox 442 2989 510 3059; x_wconf 91' lang='lat' dir='ltr'><strong>nisi</strong></span> <span class='ocrx_word' id='word_1_145' title='bbox 534 2987 646 3084; x_wconf 92' lang='lat' dir='ltr'><strong>quod,</strong></span> <span class='ocrx_word' id='word_1_146' title='bbox 675 3011 783 3083; x_wconf 89' lang='lat' dir='ltr'><strong>quum</strong></span> <span class='ocrx_word' id='word_1_147' title='bbox 805 2981 945 3058; x_wconf 87' lang='lat' dir='ltr'><strong>silerent</strong></span> <span class='ocrx_word' id='word_1_148' title='bbox 931 2998 1109 3076; x_wconf 87' lang='lat' dir='ltr'><strong>tomnes,</strong></span> 
     </span>
     <span class='ocr_line' id='line_1_23' title="bbox 43 3109 1111 3210; baseline -0.002 -24"><span class='ocrx_word' id='word_1_149' title='bbox 43 3115 45 3120; x_wconf 74' lang='grc'>’</span> <span class='ocrx_word' id='word_1_150' title='bbox 102 3139 192 3186; x_wconf 91' lang='lat' dir='ltr'><strong>unus</strong></span> <span class='ocrx_word' id='word_1_151' title='bbox 214 3113 413 3210; x_wconf 86' lang='lat' dir='ltr'><strong>loqueretur</strong></span> <span class='ocrx_word' id='word_1_152' title='bbox 429 3113 569 3195; x_wconf 89' lang='lat' dir='ltr'><strong>Cicero,</strong></span> <span class='ocrx_word' id='word_1_153' title='bbox 592 3121 647 3195; x_wconf 90' lang='lat' dir='ltr'><strong>et,</strong></span> <span class='ocrx_word' id='word_1_154' title='bbox 666 3110 756 3181; x_wconf 87' lang='lat' dir='ltr'><strong>sacta</strong></span> <span class='ocrx_word' id='word_1_155' title='bbox 772 3109 900 3184; x_wconf 89' lang='lat' dir='ltr'><strong>nullius</strong></span> <span class='ocrx_word' id='word_1_156' title='bbox 916 3112 1111 3209; x_wconf 88' lang='lat' dir='ltr'><strong>interpretis</strong></span> 
     </span>
     <span class='ocr_line' id='line_1_24' title="bbox 102 3233 1109 3332; baseline 0 -23"><span class='ocrx_word' id='word_1_157' title='bbox 102 3237 290 3321; x_wconf 90' lang='lat' dir='ltr'><strong>mentione,</strong></span> <span class='ocrx_word' id='word_1_158' title='bbox 301 3237 415 3332; x_wconf 91' lang='lat' dir='ltr'><strong>ipsum</strong></span> <span class='ocrx_word' id='word_1_159' title='bbox 428 3247 616 3318; x_wconf 87' lang='lat' dir='ltr'><strong>auctorem,</strong></span> <span class='ocrx_word' id='word_1_160' title='bbox 625 3236 827 3317; x_wconf 89' lang='lat' dir='ltr'><strong>Homerum,</strong></span> <span class='ocrx_word' id='word_1_161' title='bbox 839 3233 930 3305; x_wconf 93' lang='lat' dir='ltr'><strong>ultro</strong></span> <span class='ocrx_word' id='word_1_162' title='bbox 939 3233 1109 3309; x_wconf 88' lang='lat' dir='ltr'><strong>laudaret.</strong></span> 
     </span>
    </p>

    <p class='ocr_par' dir='ltr' id='par_1_5' title="bbox 100 3358 1143 4084">
     <span class='ocr_line' id='line_1_25' title="bbox 150 3358 1108 3458; baseline 0.001 -25"><span class='ocrx_word' id='word_1_163' title='bbox 150 3363 226 3446; x_wconf 92' lang='lat' dir='ltr'><strong>Quo</strong></span> <span class='ocrx_word' id='word_1_164' title='bbox 246 3361 356 3458; x_wconf 87' lang='lat' dir='ltr'><strong>magis</strong></span> <span class='ocrx_word' id='word_1_165' title='bbox 381 3360 483 3430; x_wconf 88' lang='lat' dir='ltr'><strong>etiam</strong></span> <span class='ocrx_word' id='word_1_166' title='bbox 516 3359 581 3430; x_wconf 85' lang='lat' dir='ltr'><strong>hoe</strong></span> <span class='ocrx_word' id='word_1_167' title='bbox 609 3368 811 3456; x_wconf 87' lang='lat' dir='ltr'><strong>argumento</strong></span> <span class='ocrx_word' id='word_1_168' title='bbox 840 3358 1108 3448; x_wconf 86' lang='lat' dir='ltr'><strong>confideremus,</strong></span> 
     </span>
     <span class='ocr_line' id='line_1_26' title="bbox 101 3481 1110 3583; baseline -0.004 -24"><span class='ocrx_word' id='word_1_169' title='bbox 101 3512 172 3560; x_wconf 92' lang='lat' dir='ltr'><strong>non</strong></span> <span class='ocrx_word' id='word_1_170' title='bbox 202 3486 381 3583; x_wconf 88' lang='lat' dir='ltr'><strong>paululum</strong></span> <span class='ocrx_word' id='word_1_171' title='bbox 411 3485 523 3556; x_wconf 83' lang='lat' dir='ltr'><strong>effecit</strong></span> <span class='ocrx_word' id='word_1_172' title='bbox 550 3485 743 3556; x_wconf 90' lang='lat' dir='ltr'><strong>Priscianus</strong></span> <span class='ocrx_word' id='word_1_173' title='bbox 762 3481 805 3553; x_wconf 90' lang='lat' dir='ltr'><strong>de</strong></span> <span class='ocrx_word' id='word_1_174' title='bbox 830 3483 948 3555; x_wconf 90' lang='lat' dir='ltr'><strong>metris</strong></span> <span class='ocrx_word' id='word_1_175' title='bbox 973 3485 1110 3555; x_wconf 90' lang='lat' dir='ltr'><strong>comicis</strong></span> 
     </span>
     <span class='ocr_line' id='line_1_27' title="bbox 101 3607 1112 3706; baseline -0.004 -22"><span class='ocrx_word' id='word_1_176' title='bbox 101 3612 289 3684; x_wconf 81' lang='lat' dir='ltr'><strong>disserens</strong></span> <span class='ocrx_word' id='word_1_177' title='bbox 318 3613 433 3696; x_wconf 91' lang='lat' dir='ltr'><strong>Quum</strong></span> <span class='ocrx_word' id='word_1_178' title='bbox 467 3609 559 3681; x_wconf 92' lang='lat' dir='ltr'><strong>enim</strong></span> <span class='ocrx_word' id='word_1_179' title='bbox 578 3607 621 3680; x_wconf 90' lang='lat' dir='ltr'><strong>de</strong></span> <span class='ocrx_word' id='word_1_180' title='bbox 647 3608 839 3706; x_wconf 86' lang='lat' dir='ltr'><strong>fragmento</strong></span> <span class='ocrx_word' id='word_1_181' title='bbox 867 3610 1112 3680; x_wconf 81' lang='lat' dir='ltr'><strong>Tusculanorum</strong></span> 
     </span>
     <span class='ocr_line' id='line_1_28' title="bbox 101 3731 1143 3834; baseline -0.003 -26"><span class='ocrx_word' id='word_1_182' title='bbox 101 3734 255 3834; x_wconf 91' lang='lat' dir='ltr'><strong>quodam</strong></span> <span class='ocrx_word' id='word_1_183' title='bbox 282 3733 559 3832; x_wconf 85' lang='lat' dir='ltr'><strong>ambigeremus,</strong></span> <span class='ocrx_word' id='word_1_184' title='bbox 584 3743 618 3802; x_wconf 90' lang='lat' dir='ltr'><strong>et</strong></span> <span class='ocrx_word' id='word_1_185' title='bbox 643 3731 742 3803; x_wconf 86' lang='lat' dir='ltr'><strong>solito</strong></span> <span class='ocrx_word' id='word_1_186' title='bbox 769 3741 885 3803; x_wconf 88' lang='lat' dir='ltr'><strong>tamen</strong></span> <span class='ocrx_word' id='word_1_187' title='bbox 909 3745 1111 3834; x_wconf 83' lang='lat' dir='ltr'><strong>argumento</strong></span> <span class='ocrx_word' id='word_1_188' title='bbox 1139 3803 1143 3812; x_wconf 85' lang='grc'>,</span> 
     </span>
     <span class='ocr_line' id='line_1_29' title="bbox 100 3855 1112 3957; baseline -0.004 -25"><span class='ocrx_word' id='word_1_189' title='bbox 100 3861 198 3946; x_wconf 81' lang='lat' dir='ltr'><strong>nixi,</strong></span> <span class='ocrx_word' id='word_1_190' title='bbox 221 3869 433 3957; x_wconf 80' lang='lat' dir='ltr'><strong>repugnante</strong></span> <span class='ocrx_word' id='word_1_191' title='bbox 449 3858 576 3942; x_wconf 89' lang='lat' dir='ltr'><strong>Bothe,</strong></span> <span class='ocrx_word' id='word_1_192' title='bbox 597 3855 683 3927; x_wconf 93' lang='lat' dir='ltr'><strong>illud</strong></span> <span class='ocrx_word' id='word_1_193' title='bbox 702 3857 871 3928; x_wconf 87' lang='lat' dir='ltr'><strong>Ciceronis</strong></span> <span class='ocrx_word' id='word_1_194' title='bbox 894 3862 972 3954; x_wconf 77' lang='lat' dir='ltr'><strong>Jure</strong></span> <span class='ocrx_word' id='word_1_195' title='bbox 993 3857 1112 3929; x_wconf 87' lang='lat' dir='ltr'><strong>vindi-</strong></span> 
     </span>
     <span class='ocr_line' id='line_1_30' title="bbox 102 3981 1111 4071; baseline -0.003 -13"><span class='ocrx_word' id='word_1_196' title='bbox 102 4010 283 4071; x_wconf 87' lang='lat' dir='ltr'><strong>caremus,</strong></span> <span class='ocrx_word' id='word_1_197' title='bbox 306 3985 453 4058; x_wconf 90' lang='lat' dir='ltr'><strong>occurrit</strong></span> <span class='ocrx_word' id='word_1_198' title='bbox 470 3983 569 4056; x_wconf 92' lang='lat' dir='ltr'><strong>nobis</strong></span> <span class='ocrx_word' id='word_1_199' title='bbox 586 3982 778 4054; x_wconf 87' lang='lat' dir='ltr'><strong>Priscianus</strong></span> <span class='ocrx_word' id='word_1_200' title='bbox 798 3981 930 4054; x_wconf 89' lang='lat' dir='ltr'><strong>consilii</strong></span> <span class='ocrx_word' id='word_1_201' title='bbox 942 4051 944 4056; x_wconf 79' lang='grc'>,</span> <span class='ocrx_word' id='word_1_202' title='bbox 958 3985 1111 4060; x_wconf 88' lang='lat' dir='ltr'><strong>certioris</strong></span> 
     </span>
    </p>
   </div>
   <div class='ocr_carea' id='block_1_3' title="bbox 103 4108 1111 4291">
    <p class='ocr_par' dir='ltr' id='par_1_6' title="bbox 103 4108 1111 4291">
     <span class='ocr_line' id='line_1_31' title="bbox 103 4108 1111 4206; baseline -0.003 -21"><span class='ocrx_word' id='word_1_203' title='bbox 103 4124 247 4185; x_wconf 85' lang='lat' dir='ltr'><strong>auctor:</strong></span> <span class='ocrx_word' id='word_1_204' title='bbox 272 4111 423 4186; x_wconf 80' lang='lat' dir='ltr'><strong>«Cicero</strong></span> <span class='ocrx_word' id='word_1_205' title='bbox 446 4132 602 4205; x_wconf 90' lang='lat' dir='ltr'><strong>quoque,</strong></span> <span class='ocrx_word' id='word_1_206' title='bbox 622 4108 692 4193; x_wconf 81' lang='lat' dir='ltr'><strong>eit,</strong></span> <span class='ocrx_word' id='word_1_207' title='bbox 713 4109 749 4180; x_wconf 93' lang='lat' dir='ltr'><strong>in</strong></span> <span class='ocrx_word' id='word_1_208' title='bbox 769 4118 891 4206; x_wconf 88' lang='lat' dir='ltr'><strong>quarto</strong></span> <span class='ocrx_word' id='word_1_209' title='bbox 914 4111 1111 4182; x_wconf 79' lang='lat' dir='ltr'><strong>Tusculano-</strong></span> 
     </span>
     <span class='ocr_line' id='line_1_32' title="bbox 780 4235 992 4291; baseline 0 0"><span class='ocrx_word' id='word_1_210' title='bbox 780 4241 782 4246; x_wconf 86' lang='lat'>&#39;</span> <span class='ocrx_word' id='word_1_211' title='bbox 975 4235 992 4291; x_wconf 83' lang='lat'><strong>7</strong></span> 
     </span>
    </p>
   </div>
   <div class='ocr_carea' id='block_1_4' title="bbox 0 0 1448 4866">
    <p class='ocr_par' dir='ltr' id='par_1_7' title="bbox 0 0 1448 4866">
     <span class='ocr_line' id='line_1_33' title="bbox 0 0 1448 4866; baseline 0 0"><span class='ocrx_word' id='word_1_212' title='bbox 0 0 1448 4866; x_wconf 95' lang='lat' dir='ltr'><strong> </strong></span> 
     </span>
    </p>
   </div>
  </div>
 </body>
</html>
