2866 4866
718 402 758 418 -
779 373 840 432 leo
860 403 901 417 -

306 502 487 586 admonet,
507 503 695 576 ctCaeserie
713 513 872 589 ,ῥιοιυμότφι
889 503 1058 600 respicere
1075 501 1231 586 videtur;
1245 509 1320 600 jem

304 628 379 722 ipse
395 625 541 711 Tullius,
560 627 791 722 quorumdem
809 627 938 700 invidio
955 627 1150 712 lacessitus,
1168 649 1235 700 sue
1249 650 1322 700 cer-
1430 687 1431 728 3

305 753 399 824 minc
417 751 585 826 defendit.

352 878 506 972 Sequens
518 886 600 948 aetes
621 877 721 948 istius
738 875 895 961 invidie,
915 898 1021 971 quem
1033 875 1170 950 incuset
1182 869 1320 960 cicero,
1397 902 1400 909 ·
1430 923 1431 930 ι

303 999 513 1074 desiderium
537 1001 588 1072 illi
612 1003 776 1074 movisset
797 1025 807 1074 ε
829 999 1016 1073 fastidiose
1035 999 1152 1085 siluit,
1176 1010 1212 1071 et
1233 999 1323 1072 Tul-
1430 1011 1431 1064 ι

302 1125 388 1198 lium
413 1127 597 1198 immemor
621 1149 692 1197 non
720 1125 834 1198 solum
861 1135 1025 1222 poetam,
1052 1124 1114 1196 sod
1147 1135 1321 1200 oratorem

303 1249 407 1322 etiem
419 1251 597 1346 civemque
609 1250 905 1345 praetermieisset‚
921 1250 988 1322 nisi
1001 1250 1200 1346 Pompeiani
1213 1271 1317 1334 voce,
1430 1329 1431 1346 ζ

301 1377 340 1448 Τ.
362 1377 470 1460 Livii,
490 1387 526 1448 et
538 1377 597 1472 pio
617 1375 769 1450 carmine
784 1376 894 1461 vetis,
914 1375 1061 1448 Cornelii
1080 1376 1222 1461 Severi,
1242 1374 1321 1448 leus

302 1504 376 1596 ejus
392 1497 572 1594 paululum
591 1499 801 1570 emersisset.
820 1499 938 1571 Ceteri
957 1499 1122 1570 nimirum
1143 1499 1211 1595 ipsi
1227 1491 1318 1573 Cice·

300 1622 396 1694 ronis
412 1623 549 1696 nonrini.
565 1623 638 1694 suis
654 1622 811 1694 versibus
833 1621 1105 1708 interdixerunt,
1125 1647 1170 1695 ne
1189 1623 1317 1722 legenti

301 1771 404 1818 suum
420 1745 600 1843 parricide·
617 1747 728 1820 scelus
746 1757 951 1820 occurreret.

349 1870 402 1944 Ab
417 1871 483 1943 illo
506 1882 623 1943 temen
637 1871 768 1970 jndicio
790 1872 960 1968 posterior
975 1882 1057 1944 tetes
1076 1894 1147 1944 non
1166 1870 1318 1943 multum

223 2023 230 2037 ·
300 1995 479 2082 dissentit;
496 2020 562 2068 nec
585 2003 660 2094 jem
678 1997 848 2068 sententie
867 2007 969 2068 mute,
982 1989 1180 2070 Cicer'onem
1202 1997 1319 2095 tragi-

299 2147 362 2194 cus
383 2125 513 2195 Seneca
546 2121 689 2194 damnet
722 2121 787 2219 (1).
823 2123 1029 2219 Expressiue
1054 2123 1158 2196 etiam
1188 2124 1320 2195 Seneca

299 2248 418 2320 rhetor
438 2249 536 2319 illum
563 2249 676 2345 arguit
696 2247 761 2344 (2).
790 2247 921 2319 Plinius
944 2259 1090 2344 uterquc
1106 2245 1243 2320 duobus
1260 2250 1321 2320 Se-

301 2371 413 2456 necie‚
437 2393 509 2442 non
526 2369 651 2442 obnixe
679 2381 819 2452 tamen,
847 2370 1077 2444 intercedunt
1099 2373 1207 2470 Major
1222 2371 1320 2444 obli-

301 2519 369 2591 qne
394 2493 655 2568 celeberrimum
679 2494 792 2568 illud:
813 2495 944 2568 Cedant
967 2519 1086 2582 arms,
1108 2509 1198 2581 cte,
1224 2519 1322 2568 com-

299 2621 423 2717 probet
443 2621 508 2718 (3).
519 2623 612 2701 ‚Cum
625 2621 800 2718 juniorem
816 2621 988 2693 immerito
1005 2620 1134 2718 pudeat
1147 2622 1321 2717 posncem

300 2770 483 2830 exercere,
513 2769 552 2818 ee
579 2745 751 2830 consulis,
783 2745 1042 2842 multorumque
1059 2746 1255 2842 principum
1283 2755 1322 2817 et

299 2871 444 2942 Neronis
475 2869 584 2964 ipsius
617 2867 773 2964 exemplo
806 2877 939 2940 tutetur
968 2865 1034 2963 (d).
1067 2869 1156 2938 Suos
1183 2863 1322 2940 amores

299 3015 423 3065 canere
448 3013 596 3087 perans,
616 2991 788 3064 Ciceronis
813 2992 850 3063 in
866 2992 988 3064 Tirone
1004 2991 1217 3064 lascivientis
1236 3013 1320 3062 cer·-

300 3117 396 3187 mine
408 3117 544 3214 jactitat
559 3113 628 3210 (5).
650 3115 751 3188 Unde
767 3115 808 3186 fit
832 3126 874 3187 nt
895 3113 988 3191 illius
1013 3115 1129 3211 opinio
1154 3114 1242 3186 nihil
1258 3124 1323 3186 ent

300 3261 407 3336 quem
417 3240 600 3312 minimum
612 3237 657 3310 ed
669 3239 840 3334 poeticam
850 3239 1022 3311 Ciceronis
1036 3237 1177 3310 leudem
1188 3238 1315 3311 valeat.

299 3365 369 3435 Nec
389 3363 482 3433 enirn
500 3363 614 3434 Tacito
633 3375 695 3434 aut
719 3363 785 3436 eibi
805 3373 941 3434 tentum
961 3361 1158 3436 dissentire
1169 3363 1321 3494 Plinium

301 3561 384 3616 tetum
403 3557 476 3616 fuit
469 3571 497 3614 ιι
511 3554 543 3610 dc
555 3563 649 3613 nostra
663 3558 782 3624 densim
799 3555 868 3614 felici
883 3557 988 3630 qudem
1006 3559 1178 3630 conjecture,
1200 3557 1247 3616 sed
1266 3495 1321 3615 lor-

301 3659 373 3712 tasse
392 3669 452 3713 cum
472 3653 576 3712 ceteris
596 3669 684 3712 minus
694 3659 864 3728 congruente
1215 3662 1221 3674 ⁴

336 3753 374 3815 it)
392 3753 456 3807 ue·
445 3753 504 3819 ere
519 3752 539 3810 l
556 3756 589 3820 3,
607 3752 651 3808 37.

337 3846 373 3912 (2)
392 3847 482 3917 Deci,
498 3848 516 3904 l.
534 3850 565 3916 3,
578 3845 685 3918 presul.
702 3854 821 3906 controv.

212 3986 215 3993 .
336 3944 372 4012 (3)
391 3943 503 4014 Plinius,
520 3944 540 4000 l.
555 3948 589 4012 8,
603 3956 663 4014 cap.
680 3948 723 4000 30.

337 4036 374 4104 (l)
393 4037 507 4106 Plinius,
523 4039 629 4109 Epist,
646 4037 663 4092 1.
680 4041 707 4106 5,
724 4038 749 4092 t.

336 4133 501 4207 tolldreist,
518 4134 534 4188 l.
551 4136 586 4204 7,
602 4137 628 4190 l.
