2866 4866
526 409 705 468 -·18“1ω

129 577 169 594 -
210 546 262 605 51.
366 540 398 603 Si
414 541 537 620 quidem
549 545 587 604 sit
600 545 759 622 nunqnam
772 544 858 618 deus,
874 549 934 605 etc.
968 583 971 590 ·

127 687 168 701 -
207 653 259 714 56.
282 651 341 726 ng.
352 649 768 732 Quishomoteexsuperavit
778 671 906 731 usquam
917 653 1052 728 gentium
1061 655 1115 714 im·

932 759 1115 844 [pudential

391 869 511 946 {Scenae
523 869 760 953 fragmentum.)

107 979 140 1041 L.
160 981 263 1053 5,16.
286 977 435 1039 Lenitudo
454 979 613 1051 orationis,
630 977 788 1039 mollitudo
809 981 951 1057 eorporis.

127 1120 169 1135 -
211 1088 262 1147 17.
282 1085 382 1146 Asole
396 1086 564 1158 exoriente,
586 1103 679 1166 supra
694 1084 802 1145 Maeoti'
816 1084 955 1163 puludes.

129 1229 171 1244 -
214 1196 264 1257 18.
281 1195 408 1257 Proinde
423 1196 466 1256 ita
479 1198 585 1274 parent
599 1213 632 1255 se
645 1196 677 1255 in
688 1195 759 1268 uita,
774 1197 809 1254 ut
819 1196 898 1255 vinei
910 1195 1054 1256 nesciant.

126 1340 169 1354 —
211 1305 263 1367 88.
440 1303 542 1366 Patria
552 1308 612 1378 est,
630 1305 859 1382 ubieunqueest
873 1304 961 1366 bene.

151 1539 200 1609 De
217 1551 334 1609 aratura
350 1539 490 1609 deorum.

101 1759 139 1820 L.
161 1760 196 1832 l,
211 1758 264 1818 ta.
285 1756 341 1818 Ubi
354 1758 512 1818 initiantur
526 1762 630 1832 gentes
642 1776 764 1819 orarum
778 1759 906 1820 ultimae.

281 1867 433 1927 Nocturno
447 1867 530 1927 aditu
543 1867 658 1927 occulta
673 1867 830 1928 coluntur.

101 1973 139 2036 L.
161 1975 195 2049 5,
215 1975 267 2036 25.
288 1973 488 2054 Nequaquam
504 1977 578 2036 istuc
592 1978 664 2037 istac
678 1977 732 2036 ibit
746 1996 754 2036 ι
770 1994 881 2050 magna
891 1977 967 2036 inest
979 1976 1115 2036 certatio.

127 2118 170 2131 -
212 2085 265 2145 26.
282 2083 342 2160 Qui
354 2085 416 2146 volt
430 2104 510 2160 esse,
528 2087 607 2164 quod
624 2086 700 2160 volt,
716 2089 758 2148 ita
767 2087 818 2148 dat
832 2104 862 2146 se
876 2103 933 2158 res,
947 2088 981 2145 ut
995 2101 1117 2162 operam

983 2193 1115 2270 [dabit...

268 2299 500 2363 llletransversa
510 2305 612 2363 mente
621 2303 695 2364 mihi
705 2303 793 2364 hodie
801 2302 924 2364 tradidit
932 2301 1116 2382 repagula...

805 2412 967 2490 Postquam
981 2414 1066 2491 pater

277 2517 522 2598 Appropinquat‚
538 2487 596 2578 ete.

126 2660 171 2674 -
213 2629 265 2686 27.
289 2625 350 2701 Qui
364 2645 424 2688 non
437 2631 482 2687 sat
494 2625 602 2686 habuit
612 2623 771 2704 conjugem
783 2623 871 2684 illexe
886 2625 918 2684 in
937 2628 1117 2702 stuprum...

284 2733 372 2808 Quod
389 2737 420 2796 in
434 2751 605 2812 summare
623 2751 777 2794 summum
797 2749 860 2794 esse
874 2731 1019 2812 periclum
1039 2732 1118 2793 arbi-

302 2845 304 2852 '
925 2845 1009 2918 [tror‚
1029 2845 1115 2902 etc...

286 2950 371 3013 Addo
378 2951 446 3024 hoe,
460 2951 621 3028 quodmihi
636 2955 774 3030 portento
784 2950 937 3012 eoelestum
950 2954 1045 3030 pater,
1056 2955 1116 3012 etc.

127 3093 168 3106 -
211 3059 264 3120 52.
287 3059 366 3122 Nam
380 3063 405 3122 si
418 3065 539 3136 curent,
557 3061 632 3122 bene
651 3062 736 3122 bonit
754 3063 807 3137 sit,
824 3061 903 3123 male
920 3061 1021 3136 malis,
1038 3063 1118 3140 quod

913 3173 1004 3246 [nune
1020 3171 1117 3233 abest.

125 3309 166 3322 -
209 3277 261 3337 58.
284 3275 417 3350 Quinam
433 3277 659 3340 Tantalidarum
674 3278 869 3340 internecioni
883 3279 1005 3354 modus,
1023 3284 1082 3342 ete.

152 3509 200 3578 De
216 3509 417 3580 divinatione.

103 3721 140 3782 L.
162 3725 195 3795 1,
212 3722 263 3783 16.
286 3705 367 3787 Inter
381 3743 411 3786 se
426 3727 558 3804 strepere
578 3729 740 3806 aperteque
761 3730 858 3788 arteni
872 3726 1007 3787 obterere
1021 3725 1117 3786 extis-

990 3835 1114 3912 [picum.

127 3971 170 3985 —
211 3938 262 4000 21.
285 3939 464 4014 Quiamater
473 3941 595 4016 gravida
604 3940 1023 4021 parereseardentemfacem‚
1035 3945 1095 4002 ete.

130 4081 171 4094 -
212 4049 263 4109 51.
287 4049 466 4124 masagium
480 4053 612 4124 animus,
627 4050 739 4114 irustra
752 4071 801 4114 me
818 4053 870 4126 ire,
889 4070 983 4129 quum
1001 4053 1115 4113 exirem
1239 4065 1241 4076 ’

1001 4163 1113 4240 [domo.
