2866 4866
724 405 762 418 ...
787 371 846 432 122
867 404 908 420 .-

308 514 343 578 et
359 505 432 600 ipse
447 502 625 578 Lucretius
640 501 732 579 edito
748 501 846 600 prins
862 502 1094 600 operinovam
1111 499 1326 575 curamim-

307 618 488 720 penderit?
551 675 553 680 -
665 635 668 644 '
938 627 941 632 '
1236 611 1240 624 ’

314 811 317 818 .
354 746 431 818 Non
447 742 609 841 equidem
635 743 733 816 facile
751 741 957 819 crediderim
973 741 1055 816 huic
1072 743 1224 840 poemati
1250 750 1327 812 tam

306 866 463 940 sedulam
473 891 495 939 a
505 868 666 942 Cicerone
674 878 836 940 navatam
844 887 986 964 opernm
998 866 1118 940 fuisse.
1137 865 1197 938 llle
1214 861 1325 947 enim,

306 1015 411 1087 quem
427 991 675 1088 Epicureorum
690 990 819 1088 ubique
838 990 1027 1064 derisorem
1047 987 1328 1064 *infensissimum

306 1117 606 1212 reperimus,num
617 1140 736 1188 eornm
745 1115 937 1188 doctrinam
946 1114 1219 1190 novisillecebris
1227 1135 1329 1186 exor-

307 1250 426 1314 natam
443 1239 617 1314 studiosus
633 1241 670 1314 in
690 1237 984 1338 lucenprotulttt
1001 1238 1125 1312 Obstat
1141 1238 1219 1335 ipsa
1239 1247 1329 1307 tem-

306 1387 432 1461 porum
455 1365 562 1449 ratio,
586 1385 630 1436 nc
659 1365 708 1436 sio
733 1389 755 1436 a
781 1365 853 1440 suis
880 1363 1098 1461 opinionibus
1124 1357 1323 1435 desciverit.

308 1485 509 1562 Antiatum
523 1485 751 1560 sollicitudine
763 1505 867 1562 causa
878 1487 1014 1562 Milonis
1028 1483 1234 1583 eumangit.
1252 1479 1328 1554 lus-

310 1617 386 1680 tant
405 1617 440 1680 et
458 1607 596 1680 Clodius
615 1619 649 1681 et
665 1609 765 1708 luga,
792 1621 827 1684 et
851 1609 947 1682 brevi
973 1611 1090 1682 rerum
1116 1609 1157 1680 e‘a
1182 1603 1329 1702 pertur-

308 1730 421 1822 batio,
448 1754 519 1827 qua
540 1742 670 1816 vexate
695 1731 755 1804 diu
784 1732 977 1828 reipublicae
1002 1730 1143 1804 tandem
1163 1726 1327 1826 immergi

310 1879 450 1930 necesse
476 1855 591 1928 fuerit.
629 1858 669 1928 ln
697 1856 752 1928 his·
780 1827 886 1954 igitur?
908 1868 1108 1953 temporum
1136 1853 1326 1952 augustiis,

310 1977 549 2078 hujuscemodi
567 1990 705 2076 poetam
730 1979 914 2054 emendare
932 2003 1039 2076 quam
1065 1976 1215 2051 arduum
1241 1997 1330 2071 opus

312 2099 521 2174 exstitisset!
885 2116 889 2122 '
1062 2106 1065 2114 '
1218 2123 1221 2129 “

360 2228 529 2298 Caeterum
558 2223 686 2298 nullius
714 2247 878 2296 curama
905 2225 1061 2300 Lucretio
1092 2219 1332 2296 desideratam

310 2347 416 2418 fuisse
434 2347 673 2443 suspicamurt
689 2348 865 2420 neo'illius
883 2350 1018 2423 insanie
1035 2348 1245 2422 medicinam
1263 2367 1333 2417 ex-

311 2469 509 2566 postulavit.
547 2471 658 2555 Quem
691 2472 783 2572 enim
812 2472 981 2559 adduces,
1016 2474 1076 2570 q'ui
1110 2469 1229 2544 credat
1266 2470 1335 2564 per

313 2593 469 2676 amatorii
477 2592 602 2665 furoris
611 2594 790 2668 intervalla
798 2595 862 2668 hos
872 2596 978 2668 libros
986 2587 1332 2692 conscriptds'fuis’se,

312 2713 350 2785 in
363 2713 489 2810 quibos
501 2725 574 2786 tarn
583 2715 717 2788 lucidus
729 2717 812 2790 ordo
824 2773 833 2803 ,
847 2729 944 2790 tanta
959 2719 1011 2790 vis
1025 2720 1330 2815 argumentorum,

313 2834 379 2907 hoc
395 2837 538 2906 rationis
554 2835 710 2932 pondus,
729 2837 800 2910 hac
817 2840 1062 2936 cogitationum
1075 2838 1230 2936 grauitas
1247 2835 1335 2908 emi·

314 2951 442 3026 neant?
465 2957 588 3026 Moesta
606 2957 747 3052 quidem
766 2960 1044 3034 intermiscentur
1064 2961 1195 3056 ubique
1212 2982 1337 3030 rerum

313 3077 544 3151 humanarum
568 3079 726 3167 fastidia,
754 3106 873 3154 amara
898 3085 1023 3180 pietas'
1036 3089 1072 3156 et
1096 3080 1337 3156 lamentabilis

316 3201 586 3291 commiseratio:
599 3229 675 3300 quae
686 3229 806 3278 caveas
818 3231 862 3280 ne
878 3210 1083 3305 sapientiam
1095 3210 1213 3306 potius
1226 3223 1339 3304 quam

316 3321 487 3404 insaniam
510 3323 691 3422 diligenter
714 3327 903 3400 attendenti
929 3330 1117 3404 declarent.
1145 3331 1197 3403 Ae
1220 3329 1339 3426 operis

317 3443 461 3516 forsitan
477 3457 718 3539 argumentum
734 3450 972 3544 respicientes,
994 3453 1097 3524 venae
1111 3449 1341 3549 philosopho

318 3587 397 3634 rum
417 3573 535 3647 sectae·
551 3575 585 3634 et
606 3569 811 3661 posteriores
840 3571 937 3642 stoici
962 3574 1178 3667 prasertim,
1201 3569 1343 3643 auctori

318 3683 528 3758 dementiam
545 3689 844 3780 exprobraverunt.
865 3695 964 3778 Quod
983 3699 1113 3770 crimen
1132 3722 1154 3769 a
1169 3693 1343 3770 Christia-

320 3807 393 3892 nis,
410 3819 449 3878 ut
458 3810 635 3907 conjicias,
647 3810 808 3888 libentius
822 3819 927 3890 etiam
937 3833 1138 3918 acceptum,
1152 3821 1198 3896 ad
1216 3821 1344 3892 Hiero-

322 3927 418 4022 nymi
429 3937 563 4026 tempus
574 3955 683 4046 usque
696 3939 901 4029 permansit,
919 3951 953 4012 et
969 3942 1061 4038 apud
1079 3954 1241 4040 posteros
1254 3940 1342 4014 inde

323 4048 444 4144 majori
463 4072 598 4124 rumore
611 4075 715 4148 quam
732 4055 799 4128 tide
820 4060 1046 4154 percrebuit
