2836 4880
542 385 704 442 ..55-

118 516 549 603 11111111101111111111111,
575 516 611 590 id
624 517 812 589 occurrisse
828 514 973 586 libenter
987 515 1128 588 arbitra·
1169 589 1172 594 .

118 669 210 718 mur.
231 646 317 715 Sunt
333 653 449 712 tamen
468 642 527 736 qui
543 641 650 714 velint
663 639 749 712 illud
763 638 807 712 ad
817 663 941 736 poema
956 641 1000 712 de
1015 656 1129 733 tempo·

120 774 207 841 ribus
218 773 278 838 suis
289 768 473 863 pertinere.
491 765 590 849 Quod
602 765 702 837 nobis
721 765 816 837 null'o
832 775 932 861 pacto
949 763 1128 860 probatur,

119 894 276 990 quamvis
305 891 370 962 hac
398 891 571 987 opinione,
592 889 684 986 quod
714 889 813 961 nobis
832 913 924 961 nunc
949 891 1131 985 inprimis

117 1018 333 1114 propositum
350 1027 415 1099 est,
434 1014 614 1111 paululum
637 1014 823 1112 infringere
847 1013 1039 1086 videamur.
1058 1016 1133 1086 No-

118 1141 173 1213 bis
201 1141 294 1212 enim
319 1141 434 1212 animo
454 1138 626 1236 fingamus
643 1139 680 1208 in
698 1142 882 1231 temporibus
902 1139 1007 1210 etiam
1032 1142 1134 1210 suisa

118 1267 272 1338 Minerva
288 1265 485 1336 Ciceronem
507 1262 666 1336 edoctum
689 1263 812 1349 fuisso,
833 1276 868 1335 et
884 1287 905 1334 a
920 1266 1001 1336 Jove
1017 1265 1136 1336 consi-

120 1389 175 1462 liis
188 1389 391 1462 admissum.
409 1388 500 1472 Quid
514 1388 594 1460 inde
609 1365 777 1484 1111111111,
790 1389 857 1460 1111
874 1389 1070 1460 Ciceronem
1081 1388 1135 1460 bis

122 1514 160 1584 in
171 1513 264 1584 idem
274 1513 454 1597 incidisse;
476 1521 523 1597 et,
537 1536 645 1607 quum
661 1513 697 1582 11
713 1491 874 1584 consulatu
891 1511 1051 1584 coelicolis
1065 1513 1137 1584 im-

121 1637 270 1724 mixtus,
289 1645 364 1736 jam
382 1636 425 1708 ab
446 1637 592 1720 Urania,
615 1660 636 1706 a
652 1636 803 1733 Calliope
822 1647 856 1708 et
874 1661 895 1708 a
910 1640 991 1709 Jove
1017 1638 1137 1710 docea-

119 1773 197 1847 tur,
216 1764 386 1834 rationem
405 1762 517 1858 operis
544 1759 702 1832 eamdem
719 1762 756 1832 in
780 1766 962 1854 temporibus
978 1766 1040 1832 suis
1057 1786 1135 1835 oon-

122 1885 275 1959 stitisse?
300 1886 399 1960 Unde
423 1886 478 1959 vel
498 1887 680 1957 mitissimo
698 1886 815 1958 liceret
833 1887 942 1984 judici
968 1891 1138 1984 poeticam

122 2010 322 2082 inveniendi
341 2009 593 2081 1111111111111
616 2011 778 2081 Cicerone
796 2010 977 2106 paululum
996 2011 1139 2085 deside-

126 2158 217 2206 rare.
245 2133 311 2204 Sed
337 2133 429 2228 quod
458 2133 653 2204 istiusmodi
678 2135 823 2229 penuria
849 2158 919 2206 nou
945 2136 1138 2208 verisimilis

121 2259 278 2341 videtur,
298 2257 383 2328 illud
401 2257 554 2328 Ciceroni
572 2258 703 2328 crimen
723 2257 978 2344 condonantes,
999 2259 1043 2332 ad
1062 2285 1139 2357 pro·

121 2380 290 2452 habiliora
316 2379 555 2478 confugimus,
579 2392 612 2451 11
636 2381 788 2475 primum
812 2385 986 2453 consulatus
1010 2382 1138 2456 librum

123 2507 172 2577 sie
189 2529 265 2577 esse
284 2502 536 2576 restituendum
552 2505 746 2600 opinamur.

204 2697 348 2759 Panditur
352 2739 415 2755 .....
435 2697 542 2756 domus
559 2697 770 2775 omnipotentis
783 2696 905 2778 Olympi
918 2719 926 2775 3

205 2805 430 2884 Consiliumque
443 2809 527 2866 vocat
539 2806 643 2866 dirum
654 2810 739 2885 pater
750 2811 840 2885 atque
851 2808 1008 2871 hominurn
1019 2830 1083 2873 rex.

121 2991 356 3060 Romanorum
381 2987 473 3058 enim
490 2987 634 3083 imperio
652 2998 839 3083 tempestas
867 2990 1025 3064 imminet
1042 3005 1129 3064 atra.

125 3112 335 3183 Sceleratum
353 3111 465 3184 foedus
483 3112 607 3183 initum
626 3121 691 3196 est,
709 3122 743 3182 et
760 3115 904 3184 Romam
915 3114 1045 3188 excidio
1059 3142 1136 3190 oon-

119 3237 228 3336 jurati
245 3246 392 3332 petunt,

206 3433 344 3509 Quorum
354 3435 487 3494 luxuries
499 3433 653 3497 fortunata
670 3454 758 3497 censa
773 3440 887 3516 peperit
901 3437 953 3521 (l).

125 3612 244 3681 lovem
275 3611 461 3696 Quiritium
485 3611 644 3698 miseret,
674 3625 729 3698 et,
756 3615 963 3688 instantibus
991 3618 1135 3693 fortasse

127 3736 261 3806 romani
278 3737 454 3834 sanguinis
472 3737 681 3823 auctoribus,
693 3741 824 3812 Venere
836 3752 871 3812 11
885 3743 1006 3829 Μ1111,
1024 3747 1136 3842 reipu-

165 3960 200 4029 (t)
219 3959 336 4015 Nonius:
350 3960 457 4029 Census,
478 3961 569 4018 Cicero
584 3961 611 4016 in
623 3962 765 4018 consulatu
777 3979 834 4019 suo.
848 3966 990 4024 -Forsan
1003 3968 1136 4026 1111111-

127 4055 244 4113 dandum
255 4060 295 4112 est
310 4073 317 4110 ε

287 4154 402 4222 Quorum
413 4153 527 4214 luxuries
539 4152 671 4216 fortunam
681 4163 708 4214 et
719 4171 796 4214 censa
812 4159 929 4228 peremit.

1016 4263 1035 4320 5
