2866 4866
550 420 709 480 *79-

116 553 227 640 dans,
245 554 317 636 hac
333 556 369 636 in
387 554 748 648 depretiaretur
771 526 953 653 descripsit
967 557 1132 640 Ammona

114 681 227 757 Varro
243 705 253 752 :

219 898 298 960 Tum
315 899 405 970 liceat
419 899 517 982 pdagi
533 900 669 966 volucres
684 901 838 982 tardeque
857 904 975 983 paludis

218 1008 346 1072 Cernere
360 1009 509 1089 inexpleto
522 1011 620 1074 studio
635 1015 751 1077 certare
767 1013 909 1090 lavandi,

217 1116 258 1178 Et
269 1118 354 1179 velut
367 1119 519 1180 insolitum
532 1121 636 1198 pennis
652 1119 810 1183 infundere
822 1141 940 1199 rorem;

218 1225 281 1285 Aut
301 1229 409 1298 arguta
425 1226 509 1291 lacus
526 1227 774 1293 circumvolitavit
789 1229 935 1305 hirundo,

217 1331 258 1393 Et
272 1333 325 1393 bos
341 1335 502 1412 suspiciens
513 1336 640 1410 coelum,
655 1337 792 1399 mirabile
804 1339 887 1400 visui

218 1439 348 1508 Naribus
364 1443 480 1512 acrium
495 1443 605 1522 patulis
617 1444 762 1536 decerpsit
777 1447 910 1514 odorem.

217 1549 278 1622 Nec
292 1553 391 1622 bouis
403 1551 528 1622 [cretea
541 1556 620 1620 cavis
635 1573 697 1621 nco
707 1556 807 1624 evehit
819 1576 887 1623 ova.

114 1761 200 1845 Quae
224 1760 346 1840 leviter
372 1764 574 1848 immutata,
595 1764 649 1839 vel
668 1765 803 1862 integra
830 1768 884 1840 oui
909 1769 998 1866 juria
1024 1769 1131 1868 Virgi-

113 1885 183 1962 lius
209 1886 409 1983 simpliciter
433 1897 468 1964 ct
491 1885 599 1964 libero
623 1887 724 1972 fecit,
751 1889 789 1964 in
816 1891 1012 1988 Georgicis,
1031 1892 1058 1966 l.
1085 1896 1130 1979 1,

111 2034 149 2081 v.
173 2011 245 2082 375
265 2035 274 2082 :
298 2033 301 2042 ’

378 2231 380 2238 ·
423 2227 426 2232 ·
480 2205 543 2269 Aut
561 2205 674 2271 bucula
692 2207 803 2274 ccelmn

195 2313 382 2394 suspiciens,
402 2313 511 2392 patulis
526 2317 656 2393 captavit
675 2316 798 2386 naribus
818 2335 935 2395 actast
996 2349 1000 2356 ⁴

197 2423 258 2484 Aut
273 2426 381 2496 arguta
398 2422 482 2484 lacus
495 2424 742 2486 circumvolitavit
758 2426 903 2504 hirundo;

194 2531 234 2594 Et
249 2537 381 2594 veterem
394 2535 426 2592 in
444 2533 516 2593 limo
528 2551 610 2594 ranae
625 2536 756 2594 cecinere
770 2537 937 2612 querclam.

196 2640 310 2721 Saepius
321 2646 351 2702 et
364 2643 448 2702 tectis
461 2641 665 2720 penetralibus
678 2643 784 2704 extulit
798 2662 855 2706 ova

195 2748 368 2824 Angustum
382 2747 507 2810 formica
522 2753 622 2809 terens
640 2750 709 2810 iter.

196 2986 264 3048 lam
281 2987 380 3047 varias
393 2985 491 3064 pelagi
505 2984 656 3059 volucres,
671 2989 702 3046 et
714 3002 782 3062 quae
794 2985 865 3046 dsia
877 2989 991 3052 circum

199 3094 345 3156 Dulcibus
359 3095 391 3152 in
404 3093 515 3166 stagnis
528 3094 678 3154 rimantur
692 3097 778 3171 prata
790 3091 908 3172 Caystri
921 3139 930 3168 ,

195 3202 337 3271 Certatim
356 3202 454 3275 largos
473 3202 608 3266 humeris
625 3200 899 3276 introductores,

194 3314 283 3375 Nunc
296 3316 387 3391 caput
402 3311 552 3390 objectare
565 3311 664 3385 fretis,
680 3329 762 3373 nunc
775 3329 897 3372 currere
910 3313 942 3372 in
954 3314 1065 3390 undas,

196 3422 236 3486 Et
249 3422 348 3484 studio
362 3423 511 3486 incassum
524 3421 625 3483 videas
637 3425 752 3484 certare
765 3419 896 3482 lavandi.

162 3659 301 3733 Talibus
318 3660 361 3733 ob
380 3659 495 3733 oculos
511 3658 713 3756 propositis,
743 3667 837 3753 patet
858 3682 926 3758 quo
947 3679 1131 3754 progressu

112 3788 288 3884 variisque
317 3786 538 3858 incrementis
569 3784 614 3858 ad
644 3806 787 3864 auream
811 3783 965 3864 Marone
988 3792 1131 3861 :etatem

113 3915 230 4013 poesis
252 3914 361 3986 latina
384 3897 590 4009 pervenerit.
619 3911 695 3982 lam
717 3909 881 3982 Atacinus
904 3909 1012 3980 Varro
1031 3909 1131 3982 Cice-

114 4039 210 4111 ronis
238 4061 374 4110 musam
403 4035 547 4121 excolit,
581 4046 615 4106 et
645 4035 817 4134 Georgicis
849 4034 952 4105 etiem
983 4034 1131 4131 plurima

115 4161 430 4246 commodatibus
452 4183 537 4244 vcro
549 4158 706 4244 crederet
719 4159 806 4244 nibil
822 4157 914 4256 apud
939 4161 1053 4258 ipsum
1070 4161 1130 4234 Ci-
