2836 4880
554 397 713 456 ...Ἃ-

32 525 35 528 ’
127 524 189 602 His
209 535 326 599 autent
342 527 521 600 offendor:

208 707 325 772 Cedunt
339 716 385 772 ter
399 719 529 790 quatuor
543 717 580 778 de
595 719 670 779 eoelo
690 737 815 800 corpora
829 729 929 786 sancta

207 819 327 905 Avium,
344 825 523 903 praepetibus
538 845 601 888 sese
614 829 797 909 polcreisque
811 833 881 894 locis
894 835 977 894 dant.

177 999 221 1069 Ut
238 1023 319 1072 vero
338 1012 446 1074 totam
460 1029 529 1077 uno
547 1019 688 1104 aspectu
698 1033 818 1084 versus
829 1014 978 1085 Enniani
989 1013 1135 1088 formam

124 1123 286 1220 amplecti
314 1129 505 1223 possimus,
534 1145 744 1221 extremum,
771 1163 913 1234 precor,
940 1151 976 1210 at
1001 1143 1136 1214 miran-

124 1245 211 1320 dum
227 1249 419 1327 mihiliceat
432 1253 545 1328 locum
561 1257 729 1356 subjicere
746 1285 755 1330 :

206 1453 267 1516 Nec
281 1457 322 1515 mi
335 1475 445 1518 aurum
456 1477 553 1538 posce,
569 1479 624 1521 nec
639 1464 680 1522 mi
696 1465 826 1542 pretium
841 1465 997 1542 dederitis;

204 1563 265 1624 Nec
282 1570 493 1646 cauponanteis
503 1568 633 1644 bellum,
651 1571 704 1632 sed
718 1572 957 1648 belligeranteis,

205 1671 311 1747 Ferro,
329 1693 389 1736 non
402 1696 487 1751 auro,
499 1680 592 1738 vitam
607 1698 764 1742 cernamus
777 1685 909 1760 utrique.

203 1780 301 1843 Vosne
314 1783 386 1844 velit
397 1803 435 1844 an
446 1805 495 1846 me
505 1805 631 1860 regnare
644 1789 728 1862 hera,
748 1791 858 1867 quidve
866 1790 943 1852 ierat
956 1791 1026 1864 lars,

204 1889 324 1952 Virtute
336 1895 542 1972 experiamur;
560 1901 590 1956 et
606 1897 662 1956 hoc
678 1899 767 1958 simul
781 1902 879 1980 accipe
896 1901 1032 1962 dictum:

205 1996 344 2072 Quorum
355 2002 478 2062 virtutei
490 2002 560 2062 belli
574 2002 696 2066 fcrtima
708 2008 859 2084 pepercit,

202 2107 386 2170 Eorumdem
399 2130 448 2172 me
460 2111 591 2174 libertati
606 2132 728 2192 parcere
740 2119 856 2175 certum
872 2121 915 2176 est
928 2138 935 2176 :

202 2216 285 2278 Dono
303 2219 422 2292 ducite,
444 2221 541 2298 doque
559 2222 722 2283 volentibu'
743 2242 813 2284 com.
825 2227 941 2298 magnis
957 2225 1017 2285 dis.

170 2405 352 2476 Sententiae
362 2405 447 2476 nihil
457 2406 1130 2507 detrahimus,romanamqneverbcrum

120 2527 191 2600 vim
211 2540 245 2600 et
265 2532 364 2625 quasi
380 2531 541 2603 ferociam
559 2534 783 2606 admiramur.
804 2536 866 2606 llla
881 2537 1130 2638 verolcarmina

120 2655 262 2750 propius
284 2655 328 2726 ad
353 2657 563 2754 incomptam
581 2661 720 2730 Homeri
742 2659 934 2735 libertatem
957 2681 1062 2752 quam
1084 2661 1128 2734 ad

120 2777 364 2851 modestiorem
389 2781 521 2879 Virgilii
543 2782 675 2854 cultum
698 2784 857 2880 accedere
887 2793 1000 2878 putes.
1028 2771 1127 2868 Quod
1213 2807 1218 2814 ·

120 2915 305 2975 autemore
320 2904 467 2976 rotundo
486 2904 705 3002 loquentibus
718 2905 840 2980 Grecis
859 2905 1127 3001 concedere-non

119 3027 297 3113 dubitant,
328 3028 392 3101 hoc
417 3054 438 3100 a
462 3032 623 3102 Romanis
652 3040 858 3124 userpatum-
879 3054 968 3128 aegre
996 3031 1123 3102 ferunt.

119 3155 207 3224 Nam
224 3155 388 3250 asperiori
406 3154 530 3252 linguae
556 3180 627 3226 non
649 3153 770 3226 eadem
788 3154 925 3226 licentia
942 3157 1059 3256 vagari
1078 3156 1126 3228 li-

120 3290 194 3363 oet;
229 3278 290 3350 sed
315 3303 356 3350 ea
374 3277 582 3352 lirnricribus
609 3277 775 3350 inhaereat
794 3279 927 3364 modis,
956 3282 1125 3377 certisque

120 3413 186 3475 stet
198 3401 330 3502 legibus
347 3425 485 3474 necesse
499 3413 577 3486 est,
593 3401 718 3498 quibus
737 3401 871 3474 exculta
885 3379 1121 3491 mansuescat,

120 3543 154 3600 ct
169 3529 305 3601 aurium
317 3527 446 3627 Judicio
461 3525 569 3598 lenior
584 3525 803 3622 approbetur.

167 3655 242 3723 Iam
267 3653 410 3749 intelligi
443 3661 579 3747 potest,
610 3675 686 3746 quae
716 3675 857 3724 versans
891 3652 1120 3748 exemplaria,

119 3799 208 3872 quos
221 3775 503 3874 linguae'pocticae
519 3785 674 3846 auctores
690 3786 723 3846 et
742 3777 870 3874 ingenii
890 3773 993 3848 duces
1012 3801 1124 3849 aemu-

119 3899 227 3985 latus,
243 3903 316 3996 ipse
334 3902 451 3973 Cicero
465 3899 621 3972 versibus
636 3900 828 3974 excolendis
840 3900 1044 3973 incubuerit.
1060 3904 1123 3973 Vix

32 4035 36 4042 '
119 4025 278 4124 equidem
293 4029 329 4098 in
344 4027 404 4097 tali
427 4051 464 4098 re
481 4025 647 4110 Lucilium
674 4025 814 4098 laudare
832 4024 1002 4097 conducit.
1032 4023 1121 4110 Quid

119 4152 211 4224 enim
234 4149 437 4224 imitandum
461 4152 642 4224 satirarum
666 4151 810 4246 scriptor
826 4149 953 4222 heroici
972 4173 1121 4246 praeser-
