2836 4880
140 537 187 606 Et
205 559 325 608 rursus
341 560 350 606 :

177 734 350 796 Sublimiter
364 734 635 816 quadrupedantes‚
653 735 809 798 flammam
822 737 982 799 haiitantes
995 736 1060 822 (iit

142 930 189 1000 Et
203 928 240 998 in
261 926 411 1019 Thyesta:

218 1123 286 1204 lpse
301 1125 425 1184 summis
439 1124 515 1184 saxis
532 1123 609 1185 fixus
623 1125 750 1204 asperis,
767 1125 959 1200 evisceratus,

217 1231 324 1294 Latere
337 1232 484 1312 pendem,
501 1250 571 1294 saxa
586 1251 727 1313 spargens
738 1233 809 1295 tabo
825 1233 885 1317 (iit

144 1425 248 1522 Apud
265 1429 417 1500 Ennium
446 1427 812 1524 quoquespiendesoit
840 1451 1110 1524 nonnunquam,

93 1553 248 1650 assurgit
271 1563 306 1624 et
329 1552 530 1624 nobilitatur
554 1555 676 1625 oratio.
702 1553 866 1637 Quamvis
892 1564 965 1626 arte
988 1553 1110 1638 rudis,

93 1676 247 1748 vividam
264 1676 424 1772 exprimit
441 1677 629 1774 imaginem
646 1676 704 1748 hie
718 1701 865 1750 versus:

179 1877 294 1957 Sparsis
312 1879 408 1951 longis
422 1877 515 1940 hastis
531 1896 655 1958 campus
667 1878 803 1958 splendet
817 1883 847 1940 et
861 1880 964 1941 horret
979 1877 1031 1962 (ὅ).

149 2092 310 2190 Lyrieum
336 2091 440 2161 etiam
458 2090 627 2186 impetum
650 2099 685 2160 et
704 2090 840 2160 afflatus
863 2089 1011 2162 audaces
1034 2089 1116 2161 alibi
1175 2139 1177 2146 ι

99 2220 232 2316 spirare
250 2217 442 2290 sentimus:

220 2413 270 2476 Sol
283 2414 367 2492 equis
382 2413 471 2473 itiner
483 2411 624 2491 repressit
640 2409 761 2484 ungulis
776 2409 943 2472 volantibus
957 2408 1012 2494 (i).
1028 2457 1030 2464 ,

151 2631 322 2700 Consueta
341 2625 508 2723 gravitate
530 2621 761 2693 sententiosus
785 2631 881 2692 vates
903 2619 969 2691 hac
992 2607 1118 2694 rnoesta

103 2753 244 2828 desaevit
262 2749 533 2847 imprecatione:
642 2767 644 2774 ·

103 2951 206 3028 Neque
215 2947 396 3028 sepulerum,
405 2963 465 3024 quo
474 2945 598 3024 recipiat
606 2961 647 3017 se,
656 2941 776 3016 habeat,
787 2944 909 3022 portum
920 2941 1051 3020 eorporis
1060 2941 1116 3020 (5)t

152 3161 312 3235 Breviora
325 3171 424 3244 sunt,
440 3158 513 3230 sine
528 3156 652 3244 dubio,
672 3180 749 3253 quae
761 3157 888 3252 raptim
903 3155 1117 3255 eollegirnus,

107 3309 210 3384 quam
225 3295 265 3356 ut
280 3283 432 3355 Ennium
448 3291 483 3353 et
499 3281 584 3354 aiios
602 3280 718 3353 latinae
732 3280 846 3377 poesis
864 3290 1020 3354 auctores
1037 3280 1121 3353 fide-

107 3411 183 3483 iiter
207 3409 430 3482 adumbratos
460 3415 626 3504 agnoscas
656 3415 691 3476 et
719 3404 912 3478 admireris.
942 3403 1121 3502 Ejusmodi

109 3547 222 3608 tamen
235 3532 391 3630 exempla
402 3555 507 3629 supra
519 3513 769 3614 memorentur,
783 3553 824 3603 ex
839 3529 965 3627 quibus
980 3539 1014 3600 et
1023 3527 1122 3600 intei-

148 3782 183 3850 (t)
199 3782 297 3852 Bothe,
309 3782 431 3838 Hectoris
445 3779 531 3852 iptra,
546 3793 574 3850 p.
589 3781 633 3835 ii.

146 3882 181 3952 (ἢ)
196 3880 305 3950 ibidem,
326 3878 459 3952 Thyestes,
475 3877 562 3949 Ennii,
575 3891 603 3949 p.
619 3880 663 3932 66.

149 3979 185 4049 (a)
205 3975 318 4046 ibidem,
331 3976 440 4048 Scipio,
453 3973 545 4043 Ennii,
558 3988 585 4044 p.
601 3975 645 4028 60.

148 4078 183 4146 (i)
205 4071 321 4145 ibidem,
335 4073 440 4144 Scipio,
455 4071 543 4142 Ennii,
557 4085 585 4143 p.
601 4073 644 4127 60.
764 4083 767 4090 ’

146 4175 183 4242 tir)
198 4170 315 4239 ibidem,
332 4168 469 4242 Thyestes,
482 4169 574 4240 iinnii,
588 4183 615 4240 p.
631 4171 675 4225 67.
