2836 4880
548 392 685 451 ,9-

108 525 296 600 declinatio
313 547 547 624 generumque
564 527 695 622 species
718 525 998 611 innominihus,
1020 527 1069 598 sic
1089 527 1126 597 in

106 651 227 724 verbis
252 651 362 722 forma
377 648 533 722 nondum
552 661 646 722 certa
673 649 739 722 sibi
765 651 948 722 consentit.
975 649 1127 722 Plurima

109 774 224 844 serius
243 772 449 870 deponentia
473 785 556 846 tunc
584 775 694 847 activa
718 773 845 860 fidsse,
870 773 1047 871 vulgarius
1074 785 1127 846 est

109 921 218 994 quam
234 907 273 970 ut
289 899 554 997 significandum
570 923 731 972 curemus
747 923 756 971 :
778 927 795 966 ‹
811 899 941 996 Opino,
959 897 1124 983 lamento,

107 1034 249 1110 cuncto,·
261 1048 373 1123 vagor
391 1036 425 1097 et
434 1023 603 1124 ejusmodi
617 1035 753 1110 caetera,
765 1049 874 1121 quum
886 1023 986 1096 obvia
996 1025 1126 1121 passim

101 1154 266 1246 jaceant,
287 1149 374 1222 nihil
389 1157 463 1248 jam
480 1150 680 1222 offensionis
698 1149 841 1222 habent.
863 1177 880 1218 ›
903 1148 1127 1245 Temporibus

106 1271 298 1345 insolenter
336 1271 573 1345 desinentibus
608 1275 720 1371 magis
760 1273 916 1344 animum
948 1272 1125 1346 attendis:

115 1393 303 1480 «Audito,
331 1394 514 1492 expedibo,
542 1405 608 1467 etc.
629 1423 646 1463 r
670 1394 759 1480 Sed,
782 1405 822 1466 ut
847 1406 1002 1467 monstra
1028 1420 1128 1494 quac-

108 1520 192 1593 dem
212 1577 221 1606 ,
245 1520 319 1592 haec
344 1521 413 1593 situ
437 1531 472 1593 et
498 1521 661 1618 spurcitie
694 1519 862 1593 deformia
894 1519 1125 1612 reformides:

115 1646 365 1742 «Reciprocat,
379 1657 595 1743 conponeret,
614 1645 772 1730 calvitur,
787 1644 1034 1733 abemuncere,
1053 1671 1128 1720 mu·

108 1771 286 1868 ginantur,
311 1771 538 1855 remrinatur,
562 1768 727 1854 incilans,
750 1770 1013 1866 ocquinescere,
1038 1781 1127 1842 cette

79 1918 281 1987 manus.»

160 2017 240 2089 llles
254 2028 372 2088 tamen
382 2017 473 2088 inter
484 2015 602 2089 sordes
616 2040 686 2088 non
700 2040 810 2113 pauca
823 2015 1026 2112 reperienda
1046 2026 1129 2088 sunt

107 2142 237 2229 verbe,
258 2167 353 2240 quae,
369 2144 527 2239 quamvis
543 2141 771 2228 exoleverint,
791 2141 1020 2240 significantia
1035 2143 1128 2214 vive-

109 2292 179 2365 que
195 2267 451 2353 desideremus,
469 2266 566 2339 verbi
582 2267 719 2366 gratia:
742 2295 758 2335 r
774 2267 955 2352 Orbilicor,
974 2266 1124 2353 vilitent,

108 2392 268 2480 villicari,
282 2391 447 2490 grundire
458 2421 474 2460 ι
485 2447 494 2477 ,
506 2402 540 2465 ct
548 2391 635 2464 illud
648 2392 785 2465 Pacuvii
795 2391 939 2464 feliciter
949 2391 1100 2464 effictum
1115 2417 1125 2464 ε

172 2613 294 2676 Utinam
308 2633 389 2675 nunc
401 2617 578 2675 matrescam
591 2615 721 2688 ingenio,
734 2617 770 2673 nt
782 2631 886 2674 meum
897 2617 1013 2691 patrem
1024 2613 1127 2674 ulcisci

925 2718 1046 2796 [queam
1066 2716 1124 2801 (ut

160 2898 205 2968 Et
223 2895 290 2968 hoc
308 2894 435 2966 Ennii:

234 3115 284 3178 Sol
297 3117 349 3195 qui
363 3117 540 3178 candentem
553 3117 585 3176 in
598 3116 673 3178 coelo
688 3116 831 3178 sublimas
843 3113 941 3176 facem
956 3112 1014 3195 (ΞΗ

161 3327 333 3397 Hactenus
350 3323 393 3396 dc
409 3321 523 3396 verbis
541 3323 633 3421 apud
649 3333 783 3396 veteres
799 3330 919 3418 poetas
934 3319 1125 3416 usurpatis.

111 3452 283 3524 Ciceronis
300 3451 506 3522 sententiam
523 3451 630 3534 satis,
649 3448 742 3546 quod
762 3446 984 3531 arbitremur,
1006 3469 1127 3542 appro-

110 3576 281 3650 bavimus.
309 3577 408 3648 Nunc
431 3587 588 3671 superest
613 3585 653 3647 ut
674 3575 746 3645 vim
772 3575 968 3646 Graeoomm
991 3570 1035 3643 ab
1059 3570 1127 3642 illis

112 3724 309 3796 expressam
326 3700 431 3771 luisse
456 3698 690 3770 confirmetur.
716 3699 768 3767 Ex
784 3692 886 3768 ant'ea
903 3694 1002 3767 dictis
1026 3693 1128 3766 colli-

111 3821 263 3921 gendum
288 3847 363 3894 esse
390 3822 539 3906 ridetur,
567 3822 901 3894 commorationem
926 3820 1021 3892 senio
1042 3842 1127 3916 per-

147 4056 185 4131 (t)
201 4057 293 4128 Bothe,
305 4056 470 4128 Dulorestcs,
487 4073 514 4128 p.
529 4060 590 4116 ΗΞ.

148 4154 185 4224 (2)
202 4153 314 4225 dudem,
329 4153 434 4227 dieder,
448 4171 474 4228 p.
490 4159 534 4212 55.
