2836 4880
519 403 681 462 -riu
804 477 807 488 ¹

142 540 295 610 Deorum
311 535 574 632 curisquaedam
584 537 684 610 nobis
697 546 815 633 petere
825 536 974 622 ridetur,
990 538 1027 608 in
1037 561 1107 648 quo

89 672 293 758 postquem,
314 659 464 733 consulis
472 661 563 734 vices
581 685 701 760 egens,
715 685 790 734 rem
805 663 959 734 Minerva
974 661 1104 747 retulit,

90 783 140 856 ad
170 795 308 856 oaeteros
325 783 498 880 gradatim
521 785 692 857 sententie
716 785 906 874 descendit,
926 786 1034 859 donec
1060 785 1105 859 cd

90 910 293 982 Ciceronem
307 905 422 1006 ipsum
437 907 564 981 veniet.
584 909 684 994 Quod
698 933 740 982 ex
755 909 811 982 his
819 896 1021 994 Quintiliani
1032 933 1107 982 ver·

90 1033 150 1106 his
182 1032 340 1132 colligere
369 1058 583 1129 possumus:
615 1036 703 1106 «nt
735 1033 828 1130 qnod
861 1034 1109 1131 reprehensum

89 1155 201 1226 fuisse
216 1165 251 1227 et
265 1153 419 1228 derisum
438 1154 578 1252 (Cicero)
599 1156 719 1229 scribit
740 1156 969 1242 anennullis‚
989 1179 1010 1228 e
1028 1159 1109 1229 Jove

93 1303 135 1351 se
166 1280 203 1352 in
234 1279 416 1354 concilium
449 1280 594 1354 deornm
631 1281 861 1367 advocatum,
899 1305 921 1353 e
953 1282 1110 1353 Minerva

94 1417 328 1478 omnesones
357 1405 516 1480 edoctum
545 1407 672 1494 fuisse,
694 1431 772 1504 quae
798 1407 864 1480 sibi
890 1408 1029 1492 Cicero,
1049 1429 1110 1478 seu*

94 1539 198 1600 cutus
227 1527 386 1624 quendem
409 1527 605 1602 Grecorum
632 1530 808 1628 exemplo,
840 1531 1059 1627 permiserat.
1089 1557 1105 1597 o

96 1652 218 1736 Quint.
236 1675 284 1736 xi,
300 1677 324 1723 ι.
396 1690 398 1694 -

54 1802 59 1808 ·
149 1773 248 1860 Quod
267 1776 396 1848 sivero
423 1773 524 1849 nohis
547 1799 618 1851 non
643 1780 726 1850 setis
744 1777 873 1875 liquet,
895 1779 1108 1864 cMincrvn,

99 1899 187 1972 dnm
203 1903 401 1974 Ciceronem
423 1901 544 1988 dccet,
573 1902 732 1975 habitum
759 1901 866 1976 fuisse
892 1925 1109 1989 sermonem,

100 2034 218 2096 orator
233 2034 325 2096 certe
346 2025 477 2122 Jupiter
492 2025 529 2096 in
546 2025 718 2097 Ciceronis
741 2023 951 2096 carminibus
970 2027 1116 2110 exstitiu

100 2161 142 2222 ut
157 2151 195 2222 in
207 2150 364 2246 quadam·
380 2151 424 2224 ad
446 2149 613 2234 Quintum
637 2149 782 2246 epistola
800 2150 1021 2222 menifestum
1035 2161 1088 2222 cst
1105 2175 1114 2222 ε
1131 2181 1144 2210 ·

105 2303 124 2342 ‹
152 2275 252 2358 Quod
278 2299 334 2348 me
359 2275 526 2348 admones
549 2275 593 2348 de
618 2297 689 2347 non
713 2275 893 2359 curantis,
923 2273 1117 2372 suadesque

103 2409 143 2470 ut
156 2400 374 2472 meminerim
388 2401 480 2473 Jovis
497 2402 708 2484 cretionem,
731 2423 808 2496 quse
826 2409 878 2470 cst
904 2401 940 2470 in
965 2409 1119 2472 extremo

103 2523 163 2597 illc
190 2525 303 2597 libro:
321 2549 384 2623 ego
409 2519 497 2598 vero
520 2527 677 2609 memini,
709 2535 775 2596 cte.
805 2553 821 2591 o
851 2523 906 2595 Ad
934 2526 1115 2609 Quintum,

104 2650 132 2721 l.
150 2655 187 2734 2,
210 2651 245 2720 8.
273 2650 357 2734 Quae
383 2651 486 2722 tertie
508 2671 692 2748 personam
713 2651 750 2720 in
776 2649 919 2745 posticis
947 2649 1119 2721 Ciceronis

106 2774 282 2871 operibus*
299 2776 383 2874 agit,
415 2775 492 2872 ipsa
518 2786 591 2848 tam
612 2775 794 2846 manifesto
825 2783 941 2870 portes
972 2775 1119 2845 cratoris

108 2901 237 2972 Uranie
262 2899 427 2985 defendit,
452 2912 492 2972 ut
510 2897 625 2972 locum
646 2923 688 2972 ex
711 2898 924 2971 cretionibus
940 2899 978 2970 in
994 2896 1119 2970 Catili-

108 3049 190 3097 nn
226 3034 423 3119 excerptum
459 3025 495 3095 in
530 3045 670 3095 carmen
709 3032 907 3094 convertere
947 3021 1117 3093 videatur.
1155 3071 1156 3075 η

110 3149 239 3233 Quarta
267 3147 438 3232 similiter,
471 3146 621 3244 Calliope
649 3141 826 3230 videlicet,
861 3145 1009 3217 oratorio
1040 3167 1121 3216 cum

111 3275 241 3346 oaetcris
264 3272 379 3344 studio
407 3272 595 3357 contendis
614 3281 649 3343 et
661 3273 860 3343 Ciceronem
884 3269 1063 3354 hortatur,
1082 3281 1123 3342 ut

113 3423 252 3472 cursum
277 3421 382 3494 quom
403 3403 623 3495 injuventute
645 3407 718 3470 ets
738 3394 919 3466 consulatu
949 3395 1118 3479 tenuerit,

113 3545 192 3596 eum
208 3520 330 3594 eodem
346 3521 538 3593 constantia
555 3529 679 3592 servet.
703 3521 780 3590 Jam
797 3518 903 3616 igitur
919 3527 970 3590 tot
988 3518 1122 3590 cretio-

115 3667 176 3718 ncs
192 3657 277 3741 quot
295 3645 409 3742 capito
426 3646 463 3716 in
486 3643 696 3716 carminibus
715 3643 886 3716 Ciceronis
910 3643 1118 3716 invenimus.

117 3770 191 3854 Quo
207 3789 289 3842 vero
312 3793 349 3842 se
372 3769 476 3843 modo
494 3780 566 3842 tam
593 3768 742 3842 disertus
766 3779 882 3842 orator
899 3765 1008 3866 gerit?
1031 3769 1123 3839 Num

116 3893 219 3968 inillo
234 3905 307 3966 tom
322 3896 495 3992 eloquenti
512 3894 656 3969 deorum
667 3906 759 3968 coetu
773 3891 955 3968 mutescit?
969 3934 1016 3947 -
1028 3894 1074 3966 Ar
1086 3895 1123 3965 in

118 4033 506 4120 poematepersonnmne
521 4022 582 4095 sibi
591 4021 706 4120 fingis,
719 4043 796 4118 qnae
806 4043 916 4117 quum
926 4017 1013 4092 nihil
1027 4031 1120 4118 aget,

119 4167 161 4218 ne
178 4145 287 4219 ullum
304 4144 443 4242 quidem
460 4147 604 4221 verbum
620 4147 767 4232 emittar,
795 4167 873 4243 qnae
896 4166 1032 4243 semper
1053 4142 1123 4218 ad·-
