2866 4866
137 559 173 620 et
191 551 303 647 magis
322 550 452 622 etiam:
544 563 555 574 ⁰

240 773 288 842 Sic
302 775 441 834 conversa
454 775 541 833 vetus
555 789 645 852 super
659 772 773 844 aethera
786 773 912 836 vertitur
927 771 1021 846 Argo,

238 881 338 958 Atque
354 899 449 959 usquc
464 900 482 942 a
495 899 584 960 prora
597 882 634 942 ad
648 881 761 941 celsum
777 880 961 942 sinelumine
976 882 1106 957 malum,

168 1049 172 1056 .
237 991 264 1053 A
280 991 359 1052 malo
373 991 411 1052 ad
425 993 550 1071 puppim
566 1009 635 1056 cum
650 991 767 1060 lumine
778 991 859 1058 clara
872 991 1001 1058 videtur.

185 1198 344 1296 Eleganti
365 1221 613 1296 nonnunquam
638 1210 673 1271 et
697 1223 817 1295 pressa
841 1223 978 1296 semper
1000 1199 1153 1273 oratione

137 1321 209 1394 Ara
226 1321 433 1402 describitur
454 1321 502 1419 (1)
522 1347 532 1394 τ
862 1323 864 1329 ’

238 1543 313 1606 Inde
326 1543 419 1622 Nepae
434 1561 536 1606 cernes
549 1547 672 1627 propter
685 1541 827 1618 fulgentis
841 1562 969 1609 acumen

241 1653 350 1726 Aram,
368 1671 459 1732 quam
475 1653 549 1713 [latu
562 1653 728 1732 permulcet
744 1656 863 1734 spiritus
875 1655 991 1728 Austri,

238 1763 355 1836 Exiguo
369 1781 513 1841 superum
530 1781 598 1840 quac
610 1763 727 1822 lumina
741 1767 876 1842 tempore
890 1769 992 1826 tranat
1004 1783 1013 1840 ;

238 1871 317 1932 Nam
331 1847 435 1950 procul
450 1873 582 1930 Arcturo
597 1875 641 1930 est
656 1871 779 1931 adversa
795 1865 880 1950 parto
894 1873 1002 1934 locata.

240 1981 370 2040 Arcturo
384 1965 528 2052 magnum
543 1979 637 2058 spatio
651 1996 741 2057 supra
755 1979 836 2038 dedit
851 1979 956 2040 orbern

157 2163 158 2166 Ἴ
239 2088 373 2167 Jupiter3
388 2089 471 2148 hunc
484 2107 613 2167 parvum
627 2087 767 2148 inferiore
780 2091 811 2149 in
825 2091 909 2168 parte
922 2089 1041 2150 locavit.

239 2195 311 2260 Haec
323 2200 426 2258 tamen
439 2201 551 2262 aeterno
565 2198 694 2258 invisens
708 2198 773 2258 loca
787 2197 936 2258 curriculo
951 2217 1030 2272 nox,

238 2301 328 2377 Signa
341 2304 421 2364 dedit
435 2305 548 2378 nautis,
566 2306 665 2364 cuncti
680 2322 748 2384 quae
762 2322 883 2367 noscere
897 2310 1030 2386 possent,

238 2410 454 2474 Commiserans
469 2413 628 2474 hominum
643 2415 819 2475 metuendos
833 2415 966 2494 undique
980 2435 1076 2478 casus

238 2522 316 2582 Nam
332 2541 427 2599 quum
444 2521 612 2594 fulgentem
628 2541 731 2582 cernes
748 2525 812 2581 sine
828 2523 960 2584 nubibus
976 2527 1048 2584 atris

239 2630 348 2703 Aram,
365 2630 420 2690 sub
435 2631 534 2690 media
548 2630 616 2690 coeli
630 2631 750 2702 regione
765 2629 908 2702 locatam,

238 2738 265 2798 A
279 2755 397 2802 summa
410 2741 496 2818 parte
510 2737 636 2802 obscura
649 2737 775 2810 caligine
789 2741 916 2810 tectam,

241 2845 321 2909 Tum
334 2846 438 2908 validis
451 2845 546 2920 fugito
562 2846 694 2906 devitans
710 2845 823 2906 viribus
835 2848 991 2909 Austrum.

240 2953 339 3029 Quem
354 2957 378 3016 si
391 2957 571 3034 prospiciens
584 2956 741 3028 vitaveris,
758 2958 860 3017 omnia
873 2961 960 3018 cante

239 3063 436 3125 Armamenta
449 3064 567 3137 locanS,
585 3068 652 3124 tuto
665 3064 767 3125 labere
781 3084 834 3144 per
848 3065 954 3126 undas

240 3169 292 3232 Sin
305 3173 401 3246 gravis
413 3173 549 3233 inciderit
564 3173 736 3234 vehementi
750 3173 872 3234 {lamine
885 3176 1010 3248 ventus,

235 3280 406 3355 ‚Perfringet
419 3283 512 3343 celsos
525 3283 623 3344 defixo
636 3284 742 3344 robore
756 3283 850 3344 malos
863 3305 871 3344 ι

239 3387 337 3450 Utres
350 3389 434 3450 nulla
448 3388 526 3450 teras
541 3393 631 3470 possit
645 3391 778 3452 mulcere
793 3390 952 3470 procellaS,

240 3495 279 3556 Ni
292 3501 377 3576 parte
390 3515 427 3558 ex
440 3497 595 3575 Aquilonis
608 3507 731 3578 opacam
745 3497 856 3577 pellere
870 3499 982 3559 nubem

242 3603 371 3686 Coeperit
384 3611 414 3668 et
428 3607 530 3668 subitis
544 3610 623 3680 auris
637 3609 785 3668 diduxerit
798 3607 869 3670 Ara.

192 3816 258 3886 Sex
280 3817 382 3912 primi
398 3839 519 3888 versus
543 3839 652 3914 graeco
670 3811 1027 3912 proximi·accedunt;
1047 3836 1155 3910 quum

142 3952 260 4012 tamen
277 3939 368 4036 apud
386 3941 531 4014 Aratum
547 3963 660 4036 neque
677 3940 820 4037 Jupiter,
840 3960 951 4032 neque
967 3961 1036 4010 nox
1052 3960 1155 4009 curru

181 4187 217 4256 (t)
239 4186 345 4257 Nobbe,
362 4191 423 4246 tat.
438 4189 549 4258 Aratus,
566 4190 626 4244 itt.
