2836 4880
669 337 829 396 ..54-

247 471 292 544 de
308 473 466 544 universo
482 468 619 541 dicendi
636 485 762 566 genere
779 467 847 540 dici
863 468 1018 564 possint,
1040 466 1084 540 dc
1097 469 1262 541 Cicerone

249 597 307 668 vix
323 593 414 666 ullus
445 602 638 666 occurreret
654 593 714 688 qui
732 611 803 666 non
820 591 941 664 eadem
960 593 1083 665 morito
1102 593 1263 666 sentiret.

249 719 342 792 lllins
363 720 456 792 enim
471 720 509 790 in
527 717 748 807 concionibus
765 728 825 790 aut
840 717 984 815 dialogis
1001 717 1131 814 ubique
1148 741 1267 792 sermo

248 845 400 940 poeticus
418 837 589 929 luxuriat,
617 845 734 918 omnia
753 842 986 916 schematibus
1003 853 1038 914 et
1055 843 1178 941 figuris
1197 867 1267 916 va—

247 972 402 1055 riantur,
423 981 483 1042 aut
504 971 674 1067 expressis
691 969 899 1068 imaginibus
919 969 1055 1066 depicta
1071 971 1196 1042 nitent.
1217 971 1265 1042 lis

248 1095 364 1166 omnia
380 1095 533 1166 numeris
552 1093 838 1203 pdetringuntur,
858 1105 897 1166 ut
910 1094 996 1166 nihil
1013 1093 1162 1180 diffluet,
1177 1093 1268 1176 nihil

250 1219 423 1305 dissonet,
445 1219 531 1292 nihil
558 1222 694 1293 aurium
719 1219 849 1320 judicio
873 1230 1054 1318 repugnet.
1081 1221 1164 1304 Quae
1183 1243 1269 1292 vero

252 1343 415 1417 narrandi
444 1344 552 1418 laetior
583 1366 732 1440 usquam
764 1342 924 1416 ubertas!
956 1369 1031 1440 quae
1049 1342 1271 1416 describendi

252 1469 408 1543 floridior
425 1471 608 1542 amoenitas
625 1467 776 1542 exstitit!
795 1473 847 1541 De
870 1470 977 1567 signis
1004 1470 1109 1541 etiam
1125 1468 1267 1554 dicens,

254 1619 362 1692 quum
385 1596 422 1666 in
441 1597 583 1666 Verrem
610 1594 783 1667 invehitur
798 1605 934 1679 orator,
956 1604 1086 1690 quanta
1114 1593 1270 1666 colorum

254 1721 421 1791 suavitate
440 1719 554 1792 locum
571 1721 682 1816 poetis
696 1721 950 1818 gratissimum,
971 1721 1127 1804 Ennam,
1145 1721 1274 1816 expin-

254 1845 304 1941 git
317 1855 351 1915 et
364 1855 506 1916 exornat
522 1843 530 1914 l
551 1845 614 1916 Ilio
628 1869 712 1916 sane
728 1869 797 1916 non
813 1845 959 1917 oratoris
974 1845 1062 1916 fines
1079 1845 1270 1943 egreditur,

254 1992 318 2040 nee
337 1980 471 2042 tantum
488 1980 652 2068 evagatur
678 1979 847 2064 quantum
862 1969 982 2042 Ovidio
1005 1969 1060 2042 vel
1080 1969 1271 2043 Claudiano
1287 2004 1291 2011 ·

254 2091 390 2178 liceret3
413 2105 448 2165 at
462 2095 500 2164 iu
513 2095 578 2166 hoe
591 2105 626 2165 et
638 2095 675 2164 in
688 2091 926 2192 hujuscemodi
945 2093 1029 2168 locis
1041 2104 1179 2192 poetam
1194 2097 1274 2192 spi-

256 2238 334 2285 rare
350 2239 452 2286 nemo
469 2238 539 2285 non
559 2225 681 2310 sponte
696 2215 874 2288 fateretur.
931 2217 935 2222 ’

306 2343 448 2414 Constat
461 2342 566 2438 igitur
590 2343 788 2414 Ciceronem
807 2343 929 2415 solutis
946 2345 983 2415 in
1004 2343 1139 2431 verbis,
1158 2347 1274 2444 magis

260 2487 365 2560 quam
391 2465 426 2536 in
452 2463 623 2563 fingendis
649 2464 739 2538 ultro
764 2467 933 2562 poematis
961 2469 1115 2540 oratione
1137 2470 1276 2564 poetica

259 2589 444 2662 luxuriare.
458 2593 562 2690 Cujus
574 2592 623 2663 rei
639 2615 780 2664 eausam
795 2592 998 2664 eamdemne
1014 2605 1175 2688 putemus
1192 2594 1276 2666 affe-

258 2713 402 2788 rendam
415 2739 508 2800 esse,
531 2739 636 2811 quem
654 2714 697 2787 de
717 2727 795 2820 tam¹
807 2717 926 2788 multis
937 2717 1095 2790 hodierni
1107 2720 1274 2816 temporis

259 2837 504 2936 scriptoribus?
520 2843 607 2911 Sunt
631 2841 724 2912 enim
750 2842 843 2938 apud
862 2843 977 2916 Gallos
1000 2844 1163 2940 plurimi,
1180 2868 1274 2941 quo-

259 2989 338 3036 rnm
358 2963 497 3036 cuilibet
515 2977 698 3036 occurrunt
714 2968 875 3053 nomina,
895 2969 975 3063 qui,
995 2991 1103 3066 quum
1123 2971 1271 3043 solutam

259 3090 449 3161 orationem
464 3089 605 3186 poeticis
622 3089 793 3162 coloribus
807 3115 877 3164 non
887 3093 1068 3166 infeliciter
1081 3095 1272 3167 exhilarent

261 3225 296 3286 et
314 3213 470 3299 efferant,
489 3215 545 3288 vix
563 3216 675 3312 ipsam
691 3218 844 3314 aggressi
861 3219 1044 3314 poeticam,
1056 3219 1153 3290 humi
1164 3220 1272 3292 deco-

261 3337 351 3410 lores
371 3337 555 3433 obrepant3
576 3341 678 3436 quia,
698 3340 908 3426 sineduhio,
927 3342 1047 3437 subest
1063 3345 1201 3441 utrique
1214 3367 1271 3443 ge

259 3465 333 3558 neri
357 3461 541 3536 discrimen
560 3463 735 3561 quoddam
761 3465 870 3538 altum
898 3479 933 3540 et
955 3469 1025 3540 iere
1044 3469 1271 3542 dissociabilis

261 3599 397 3675 natura,
424 3590 479 3662 cui
501 3590 616 3662 nunus
635 3590 871 3678 attendentes,
892 3593 1031 3667 domin
1051 3595 1159 3678 altero
1176 3621 1272 3692 prae-

261 3713 410 3798 oellunt,
430 3716 467 3786 iu
494 3713 602 3786 altero
618 3717 675 3787 vix
700 3716 776 3790 aliis
804 3717 971 3790 irridendi
995 3720 1048 3790 sui
1072 3719 1270 3793 facultatem

262 3837 423 3932 eripiunt.
1027 3859 1029 3863 ’

311 3962 402 4032 Num
421 3961 526 4058 igitur
545 3961 717 4047 Ciceroni,
737 3963 828 4058 quod
844 3963 930 4048 illis,
949 3961 1042 4036 idem
1060 3963 1204 4049 accidit,
1222 3965 1271 4035 ita

263 4099 301 4160 ut
326 4110 492 4187 generum
524 4087 667 4184 dissidio
701 4099 836 4162 tentum
866 4088 958 4162 illius
990 4091 1026 4162 in
1049 4089 1275 4174 concionibus
