2866 4866
692 412 731 424 -
755 377 816 440 uo
839 411 875 426 -

724 507 862 590 Sisyphu'
880 517 978 575 uersat
1045 503 1047 508 ’

348 613 491 688 Saxum,
508 616 619 686 sudans
632 615 771 691 nitendo,
789 635 887 696 neque
901 617 1019 698 proiicit
1032 618 1143 699 hilum,
1266 665 1268 669 ·

328 790 415 878 Sed,
442 792 548 864 inrito
567 794 700 880 Nonio,
722 794 913 876 Tullianam
931 797 987 870 hic
1005 821 1142 871 musam
1164 821 1299 896 agnos-

278 937 355 986 cere
381 937 451 986 non
474 937 671 1010 possumus.
692 913 878 990 Auctorem
897 919 989 992 enim
1008 919 1135 994 omittit
1151 919 1295 1007 Cicero,

278 1059 383 1134 quem
401 1059 472 1108 non
486 1035 629 1108 laudare
646 1039 836 1124 consueuit,
859 1040 1129 1138 quotiescunque
1150 1041 1298 1114 notissi-

278 1186 376 1236 mum
384 1161 513 1260 aliquid
526 1163 639 1235 affert.
650 1163 857 1260 Quanquam
871 1163 996 1236 horum
1006 1165 1199 1238 verborum.
1208 1167 1296 1238 situs

254 1324 255 1327 ¹
278 1287 502 1358 uetustiorem
524 1285 712 1382 quamdam
733 1309 877 1357 manum
899 1286 1039 1386 detegit.
1061 1287 1160 1362 Unde
1178 1288 1298 1362 forsan

278 1410 316 1482 in
339 1409 569 1482 Ciceronianis
594 1434 665 1481 non
685 1417 796 1508 major
815 1409 1000 1483 affirmanti
1024 1435 1130 1508 quam
1150 1413 1298 1510 ‘neganti

278 1533 388 1606 Nonio
404 1531 492 1604 fides
510 1531 707 1605 adhihenda
726 1543 791 1604 est.
851 1626 852 1630 Ἰ
1117 1523 1120 1532 ’

325 1659 453 1730 Versus
478 1656 650 1754 quosdam
679 1657 894 1740 omittimus,
924 1655 1050 1751 quihus
1072 1654 1243 1728 subdititii
1261 1659 1299 1727 dc

277 1806 311 1852 rc
326 1782 455 1852 militari
468 1778 626 1855 videlicet
642 1778 731 1852 etde
745 1781 947 1849 consolatione
961 1777 1041 1850 libri
1054 1778 1205 1860 referciri
1220 1803 1299 1876 pos-

278 1915 372 1976 sunt.
407 1903 572 1988 Quamvis
601 1903 693 1974 enim
724 1911 880 1973 auctores
907 1900 1099 1973 Tullianam
1126 1899 1299 1974 condendi

279 2053 400 2102 versus
426 2028 595 2132 rationem
622 2026 749 2098 imitari
776 2025 964 2124 studeant,
991 2028 1028 2096 in
1055 2027 1301 2110 commentitiis

277 2175 347 2223 uon
364 2173 505 2246 operam
524 2125 715 2246 perdimus.
733 2146 940 2244 Exemplum
959 2159 1075 2220 tamen
1093 2150 1296 2236 afferamus,

278 2297 348 2370 quo
367 2269 499 2371 fraudis
518 2270 694 2342 solertiam
712 2268 873 2365 dispicias
892 2269 940 2367 (1)
962 2296 971 2342 z
1028 2266 1031 2279 ’

362 2465 476 2540 Corde,
493 2484 565 2540 age,
582 2467 620 2526 sis
636 2465 739 2539 firmo,
756 2483 812 2527 nec
824 2469 855 2526 te
868 2466 1012 2528 submitte
1026 2467 1143 2541 dolori,

359 2574 498 2651 Namque
509 2572 621 2651 aliquid
634 2573 756 2647 grauius
768 2572 915 2652 pejusque
928 2573 1089 2652 aliquando
1101 2573 1208 2634 tulisti.

329 2755 506 2854 Sophoclis
533 2754 648 2827 adhuc
670 2753 903 2852 fragmentum
927 2764 962 2826 et
985 2752 1138 2852 AEschyli
1160 2733 1301 2826 brevius

282 2879 377 2954 aliud
395 2879 632 2976 seposuimus,
652 2901 729 2974 quae
746 2901 850 2975 supra
867 2879 1007 2978 majoris
1028 2877 1195 2962 momenti
1213 2901 1300 2968 con-

282 3003 457 3076 troversiae
473 3025 543 3074 non
559 3001 710 3072 inserere
725 2999 826 3072 nobis
839 3001 952 3072 visum
970 3011 1034 3072 est.
1056 3001 1110 3072 Sic
1128 3001 1165 3071 in
1183 3001 1300 3068 Tusca·

285 3128 365 3196 lauis
383 3124 499 3196 Cicero
522 3147 532 3195 ι
552 3149 568 3190 c
587 3123 674 3192 Tum
691 3121 913 3207 Cleanthem,
940 3146 1049 3218 quum
1066 3132 1195 3193 terram
1213 3119 1300 3218 pede

286 3247 530 3344 percussisset,
549 3267 689 3317 versum
708 3267 750 3314 ex
765 3245 915 3336 Epigonis
932 3244 1059 3320 dixisse
1081 3245 1128 3343 (2)
1149 3270 1158 3318 ε

371 3444 504 3506 Audisne
516 3443 593 3518 haec,
609 3440 804 3522 Amphiarae,
819 3441 875 3504 sub
887 3445 1000 3504 terram
1015 3444 1136 3508 abdite?

339 3629 410 3699 Hoc
445 3626 560 3697 autom
593 3624 821 3721 Sophocleum
856 3624 1033 3698 attendero
1061 3627 1172 3726 magis
1205 3625 1303 3697 inte·

290 3763 362 3824 rest
387 3751 465 3848 (3):
874 3744 880 3754 ’

326 3948 363 4016 (Ρ
378 3943 542 4001 Consolatio.

325 4039 362 4108 (ἓ)
377 4034 497 4108 Tuscul,
509 4040 538 4108 2,
549 4041 599 4107 253
614 4035 739 4107 Boisson,
756 4037 898 4110 Apcspas,
910 4037 1038 4110 spicea,
1053 4041 1080 4096 2.

328 4133 364 4204 (³)
380 4129 498 4200 racel,
515 4135 540 4201 3,
555 4135 599 4187 29.
