2866 4866
509 403 542 414 ·-
571 369 631 432 123
652 403 691 414 -··

64 547 69 553 -
138 492 240 588 Quod
257 503 289 576 ei
304 523 387 582 vero
403 501 600 577 Lucretium
620 522 685 580 nec
705 499 902 578 moutarn
918 523 982 574 nec
992 500 1109 579 edidit

84 626 225 712 Cicero,
242 635 375 699 etcum
390 625 505 722 potius
521 625 708 709 attendisse
720 625 870 713 videtur,
886 636 927 698 ut
942 647 980 697 ee
992 624 1108 722 ipsum

84 749 289 847 perficeret,
307 748 433 848 diguus
449 759 568 822 tamen
583 749 665 836 fuit,
685 751 745 846 qui
760 773 840 823 cum
857 748 917 824 illo
935 748 1108 826 consocia·

85 884 198 958 retur‚
219 882 265 945 ‘et
291 872 335 944 ad
363 873 569 946 recentiores
596 874 738 970 poetice
758 873 877 948 'leudis
901 871 1046 946 aemulus
1072 881 1108 944 et

86 1019 204 1069 comes
228 994 424 1082 deveniret,
450 1019 514 1068 nec
539 995 625 1070 adeo
651 996 781 1095 dispari
798 999 990 1072 reverentia
1011 993 1108 1070 cole-

86 1129 198 1194 retur.
253 1167 257 1178 ·
647 1141 649 1146 ’

392 1289 394 1296 '
474 1328 726 1401 eoueuusro.

55 1511 57 1518 ’
136 1511 208 1586 Suo
229 1509 346 1586 fideus
367 1509 505 1612 ingenio
525 1526 586 1587 eut
603 1504 715 1587 alieno
732 1514 865 1602 fretus,
885 1503 1025 1612 propria
1047 1523 1109 1588 aut

88 1645 256 1710 conversa
287 1631 404 1709 Cicero
437 1631 592 1709 camnine
623 1639 770 1735 posteris
804 1637 959 1712 tradidit.
993 1639 1109 1724 Quum

87 1759 197 1859 igitur
211 1770 351 1856 poetam
373 1768 434 1830 aut
450 1783 614 1831 versuum
634 1760 800 1833 artificem
817 1751 969 1834 vicissim
989 1761 1110 1834 consi-

88 1882 285 1958 derandum
312 1879 388 1954 sese
404 1874 577 1978 prebeat,
598 1881 688 1952 hauc
707 1882 743 1952 in
761 1881 829 1955 duo
847 1875 1003 1955 memli'ra
1022 1907 1111 1956 con-

88 2003 295 2094 troversiam
323 2000 579 2101 discerpentes,
599 2029 668 2102 quo
692 2017 817 2078 eventu
841 2030 905 2078 sua
930 2017 964 2078 et
988 2017 1111 2080 mutua

88 2132 292 2204 tractaverit
308 2125 561 2227 dispiciendum
579 2153 655 2202 esse
673 2131 740 2203 rati
758 2155 892 2202 sumus.
963 2117 967 2128 ’

138 2259 349 2355 Fragmenta
376 2279 458 2327 vero
488 2265 522 2327 et
549 2265 706 2328 veterum
735 2255 951 2340 testimonia,
984 2241 1111 2350 quibus

87 2372 262 2480 poeticam
279 2367 457 2452 'Ciceronis
478 2378 697 2465 facultatem,
719 2380 813 2451 intus
832 2377 1109 2476 deprehensam,

87 2493 302 2576 mstimeu'ms
313 2491 331 2582 ,'
349 2501 479 2574 adduc
496 2512 656 2597 poemata
674 2503 722 2570 Dc
738 2503 898 2570 emutare
915 2513 951 2571 et
969 2503 1015 2568 Dc
1033 2513 1108 2570 tcm-

86 2619 221 2722 portos
248 2629 312 2697 sois
342 2625 534 2723 prasertim
561 2622 721 2694 attinent.
747 2621 818 2693 Illis
844 2623 950 2720 igitur
973 2632 1110 2694 tantum

87 2743 304 2822 attendimus
317 2804 326 2836 ,
341 2759 382 2821 ut
394 2747 515 2845 quenti
530 2769 593 2844 per
610 2769 648 2818 se
659 2743 816 2818 iacienda
832 2745 878 2817 eit
893 2743 993 2818 Tullii
1009 2765 1112 2816 musa

87 2867 339 2969 disceptemus.
451 2895 452 2898 ’
905 2875 908 2888 ’
1057 2855 1060 2866 ’

141 2997 182 3066 Ιιι
198 2996 361 3065 consolata
375 2993 527 3089 primum
543 2990 851 3088 operieconsilium
868 2990 1108 3088 dispicientes,

88 3109 296 3190 histoiicuru
321 3114 462 3212 quidem
488 3139 591 3212 epos,
618 3137 639 3185 a
662 3115 788 3186 Graecis
807 3111 996 3199 traditum,
1015 3101 1051 3185 et
1067 3111 1111 3186 ab

88 3240 245 3337 antiquis
263 3239 350 3335 Latii
378 3233 488 3336 poetis
510 3239 625 3311 Navio
648 3249 683 3310 et
706 3238 818 3309 Ennio
840 3243 914 3335 jam
934 3249 1113 3334 acceptum

89 3365 327 3465 agnoscimus.
342 3364 434 3436 ¹Huic
450 3372 566 3434 autem
584 3362 724 3460 generi,
745 3372 883 3434 secutus
902 3349 1109 3446 Homerum,

88 3487 240 3560 heroicae
257 3508 396 3582 quoque
420 3484 534 3580 poesis
562 3481 733 3555 mirabilia
753 3494 788 3556 ct
813 3482 930 3557 divina
952 3475 1111 3580 quaedam

89 3611 247 3682 intexere
272 3604 532 3680 Cicero-voluit.
558 3605 634 3689 Quo
659 3607 752 3677 exitu
770 3629 875 3702 supra
898 3605 1109 3678 monuimus.

54 3805 55 3810 ,
88 3737 220 3809 Omnia
243 3735 438 3808 necessario
455 3739 598 3806 cessant
616 3743 651 3805 et
668 3731 806 3831 frigent.
829 3734 983 3808 Actionis
1002 3735 1113 3806 vicem

90 3859 277 3933 conciones
299 3856 480 3955 supplent;
500 3879 522 3928 a
542 3853 607 3928 diis
631 3856 747 3929 Cicero
770 3881 826 3931 res
849 3859 1003 3944 docetur,
1025 3881 1113 3955 quas

90 3986 168 4083 ipsc
186 3984 312 4083 gessit3
333 3979 485 4081 praesens
502 3992 537 4054 et
553 3979 708 4054 mortalis
725 3978 1022 4057 circumstantium
1039 3983 1112 4056 im-

91 4106 293 4182 mortalium
309 4104 470 4178 laudibus
488 4103 681 4190 extollitur3
701 4105 816 4190 solus,
838 4105 874 4178 iu
892 4109 1044 4181 carmine
1066 4107 1111 4182 de
