2836 4880
724 425 762 436 ..
781 391 825 452 53
846 421 886 438 .-

374 531 441 594 Jam
455 547 540 590 mure
552 527 732 606 tyrrhenum
746 525 835 600 longe
848 527 1026 605 penitusque
1038 524 1196 604 palumbes

379 639 536 718 Relliqnit.

297 817 493 920 obscuriore
516 817 620 889 etiam
644 815 744 888 titulo
763 815 959 888 criticorum
977 837 1122 886 acumen
1138 813 1316 910 preterit,

297 945 357 1040 qui
373 954 491 1015 tamen
507 965 656 1041 gracum
672 941 787 1012 nescio
805 938 889 1036 quid
904 937 1060 1012 redolere
1076 937 1228 1010 videtur.

346 1071 387 1139 ln
403 1069 545 1137 Joculori
560 1067 658 1137 libello
674 1089 784 1162 quum
797 1090 866 1137 sua
881 1063 1069 1136 dicacitatis
1087 1061 1233 1135 fortasse
1249 1073 1320 1134 tes-

298 1192 442 1264 timonia
471 1189 629 1288 colligere
651 1189 817 1274 voluerit,
848 1212 918 1261 non
940 1190 1135 1261 Graecorum
1158 1186 1319 1283 proxime

297 1316 449 1414 vestigiis
469 1315 626 1386 insistere
642 1314 754 1412 potuit
769 1313 906 1397 Cicero;
926 1335 1035 1410 genus
1052 1319 1170 1381 tamen
1187 1308 1232 1380 ab
1251 1311 1316 1380 Ar-

299 1439 377 1513 chia
398 1439 564 1537 magistro
588 1437 771 1522 traditum,
797 1436 1045 1533 epigrammata
1065 1432 1216 1517 scilicet,
1238 1432 1318 1504 reti-

300 1590 407 1652 nens,
425 1565 492 1638 hoc
508 1563 631 1636 saltem
653 1563 806 1660 innitatur
822 1563 926 1634 etiam
943 1560 1086 1632 exstitit:
1105 1559 1318 1654 Quanquam

300 1698 471 1764 incertum
501 1701 554 1762 est
576 1688 778 1761 versibusne
798 1698 892 1760 totus
914 1685 971 1758 hic
994 1684 1083 1756 liber
1101 1684 1319 1780 conscriptus

301 1817 417 1888 fuerit.
437 1811 566 1887 Plinius
587 1813 717 1912 Junior,
742 1811 768 1884 l.
788 1813 825 1897 ’1,
846 1813 889 1898 lt,
909 1811 1082 1884 Ciceronis
1104 1809 1320 1907 epigramma

303 1939 479 2038 quoddam
498 1939 535 2011 in
553 1939 712 2011 Tironem
728 1948 922 2010 memorat:

362 2141 441 2203 Nam
456 2141 593 2218 queritur
606 2139 687 2217 quod
699 2136 805 2200 fraude
818 2128 900 2200 mala
912 2134 1072 2198 frustratus
1086 2138 1257 2196 amantem.

351 2323 510 2394 Alterum
529 2323 566 2393 in
578 2323 769 2392 Varronem
787 2321 999 2418 epigramma
1016 2321 1170 2404 Ciceroni
1187 2319 1321 2391 asseri-

305 2446 383 2531 tur,
395 2452 492 2544 cnjus
509 2445 622 2542 prima
639 2468 720 2541 pars
738 2467 806 2516 non
823 2445 1012 2516 Varronem
1029 2445 1186 2530 lacessit,
1210 2455 1246 2516 et
1262 2469 1324 2516 se-

305 2571 418 2646 cunda
432 2596 502 2644 non
519 2571 690 2644 Ciceronis
707 2581 779 2656 est,
801 2581 840 2642 ut
859 2571 1065 2644 recentiores
1083 2571 1320 2668 suspicantur.

306 2701 345 2772 In
370 2700 435 2771 hoc
467 2699 560 2770 enim
588 2699 807 2771 consentiunt
835 2699 965 2796 Meyer,
991 2698 1179 2790 Anrtoloqia
1196 2699 1321 2780 lutino,

307 2825 454 2898 Orellius
471 2833 506 2893 et
521 2821 654 2892 Nobbe.

356 2924 435 3020 Haec
457 2947 611 3016 locuturis
635 2947 727 3016 libelli
745 2947 889 3044 vestigia
912 2958 1127 3041 permanent.
1149 2947 1325 3019 Ciceronis

308 3075 420 3142 Limon
433 3092 582 3168 graecm
599 3092 720 3140 rursus
739 3069 879 3140 titulum
894 3069 1046 3166 prefert,
1064 3082 1099 3143 et
1114 3071 1321 3169 vulgarem,

309 3196 340 3267 si
355 3197 393 3266 C.
416 3194 515 3265 Plinii
540 3192 687 3264 Secundi
713 3191 902 3289 praefationi
921 3192 1119 3266 credideris.
1142 3195 1258 3279 Quum
1280 3217 1325 3265 ex
1408 3280 1410 3288 y

308 3317 367 3391 illo
381 3315 468 3389 libro
482 3317 655 3414 supersint
669 3325 817 3412 quatuor
828 3316 864 3386 in
873 3314 1012 3388 laudem
1023 3319 1171 3390 Terentii
1183 3342 1321 3401 versus,

308 3442 494 3542 conjiciunt
511 3443 617 3514 critici
642 3439 811 3538 praeconia
831 3442 1194 3536 praestantissimorum
1217 3443 1255 3513 in
1279 3466 1322 3514 eo

308 3571 460 3641 virorum
476 3566 582 3639 luisse
605 3567 740 3638 collata.
761 3563 860 3649 Quod
885 3565 989 3636 etiam
1008 3565 1140 3640 Archia
1162 3565 1326 3663 discipli-

204 3719 206 3722 ·
310 3715 393 3763 nam
417 3693 453 3764 in
477 3690 679 3762 memoriam
708 3689 807 3762 nobis
823 3701 1009 3762 revocaret.
1030 3691 1092 3762 Hic
1116 3689 1203 3763 illud
1221 3691 1324 3790 frag-

310 3825 466 3887 mentum
483 3811 684 3910 subjicimus
700 3839 711 3886 t

392 4031 440 4093 Tu
450 4051 583 4111 qnoque,
600 4032 652 4110 qui
664 4031 744 4091 solus
755 4031 834 4092 lecto
849 4047 999 4105 sermone,
1015 4031 1154 4106 Terenti,

367 4225 369 4228 Ι
392 4137 573 4204 Conversum
586 4155 819 4221 expressumque
831 4139 924 4202 letina
936 4156 1008 4202 voce
1021 4137 1221 4204 Menandrum
