2836 4880
691 369 847 428 ..58-

265 516 410 580 certent.
436 508 488 578 Ex
506 528 575 600 quo
593 503 723 576 factum
744 512 854 574 estut
879 509 1012 586 orator,
1040 499 1125 574 dum
1149 501 1204 574 sui
1221 503 1284 574 111-

267 633 376 704 mium
396 630 642 724 reminiscitur,
662 639 771 725 poeta
786 627 944 700 nonnihil
964 627 1129 700 olfecerit.

311 757 430 850 Neque
448 754 562 839 aliter,
582 754 636 826 sui
652 753 731 850 plus
752 775 850 848 aquo
868 775 1002 824 memor
1022 763 1056 824 et
1076 775 1220 837 amans,
1242 753 1285 824 in
1316 753 1319 773 '

264 879 497 976 impeditiores
522 879 699 976 angustias
728 875 861 948 incidit.
894 879 985 952 Dum
1005 876 1098 948 enim
1117 875 1183 948 sibi
1200 875 1286 948 lau·-

265 1003 349 1075 dum
377 1027 519 1076 suarum
548 1013 653 1075 testes
684 1001 766 1075 deos
793 1013 826 1073 et
853 1026 1026 1098 praeeones
1050 1012 1228 1098 comparat
1248 1014 1286 1074 et

264 1128 383 1226 lingit,
403 1151 508 1223 quem
532 1127 569 1198 in
589 1127 719 1198 exitum
746 1123 887 1198 evadit?
908 1127 1005 1222 lpsos
1022 1125 1059 1196 in
1079 1125 1284 1198 concionem

265 1248 380 1322 vocari
401 1247 498 1330 deos,
517 1246 578 1342 qui
592 1245 775 1318 mortalem
798 1247 996 1341 quempiam
1014 1245 1176 1318 laudibus
1192 1247 1285 1318 elle—

262 1353 364 1457 eant,
391 1395 506 1444 nonne
526 1378 600 1469 jam
623 1371 659 1444 in
688 1370 832 1442 ridiculo
862 1369 1042 1466 paululum
1074 1369 1195 1444 haberi
1213 1395 1286 1468 po-

269 1491 358 1566 test?
376 1533 424 1546 -
440 1495 506 1564 Fac
525 1502 641 1564 tamen
659 1515 717 1564 eos
735 1491 801 1564 sibi
816 1491 968 1562 vicissim
986 1493 1146 1588 praeconii
1163 1515 1285 1568 curam

269 1617 418 1691 tradere.
440 1619 476 1688 Si
494 1642 550 1690 res
570 1641 590 1688 a
607 1618 769 1689 Cicerone
793 1627 930 1714 gestas,
953 1626 1077 1688 ornatu
1105 1616 1282 1712 quolibet,

269 1756 308 1816 ut
322 1745 435 1840 poesis
454 1743 619 1840 requirit,
641 1742 851 1846 amplificare
868 1742 1091 1827 contendant,
1106 1743 1144 1814 in
1157 1753 1286 1814 morta-

269 1868 313 1940 lis
322 1868 432 1967 gloria
445 1878 623 1964 stupentes
633 1867 716 1940 deos
728 1866 894 1940 ostendis.
912 1867 947 1938 Si
960 1889 1041 1942 vero
1051 1891 1126 1962 quae
1140 1866 1281 1952 luerint,

269 1996 476 2091 preconium
487 2019 557 2068 non
572 1993 787 2092 egrediatur,
807 2004 842 2066 et
854 1993 943 2066 veris
960 1994 1192 2077 contineatur,
1203 1995 1284 2089 quis

266 2128 341 2217 jam
354 2145 438 2192 usus
455 2121 570 2216 poesis
592 2117 772 2214 superest?
790 2119 977 2190 Historiam
998 2119 1113 2215 potius
1132 2120 1287 2192 oratione

271 2245 385 2318 soluta
402 2244 548 2317 scribas.
570 2243 670 2327 Quod
697 2245 728 2314 si
754 2241 913 2327 tandem,
933 2254 973 2314 ut
997 2267 1147 2339 presens
1167 2254 1201 2316 et
1215 2269 1288 2340 pu-

272 2370 379 2454 dens,
402 2393 439 2441 se
456 2367 617 2441 laudibus
639 2367 749 2440 obteri
774 2369 890 2440 Cicero
907 2391 977 2440 non
994 2369 1140 2464 patitur,
1159 2370 1288 2465 quippe

272 2495 332 2590 qui
350 2494 415 2566 diis
433 2495 508 2590 ipse
525 2493 728 2566 canentibus
751 2503 904 2568 mentem
928 2493 1090 2588 inspiret,
1117 2493 1288 2566 modestia

273 2617 437 2715 quadam,
455 2618 510 2690 vel
522 2618 665 2702 invitus,
680 2616 863 2690 adducitur
883 2628 922 2689 ut
938 2641 1046 2690 musae
1066 2643 1135 2690 sua
1152 2629 1284 2713 parcat,

274 2753 308 2812 et
323 2741 415 2814 illius
432 2743 601 2836 impetum
626 2751 806 2837 temperet.
836 2743 923 2812 Tum
944 2765 1117 2837 veroque
1134 2741 1288 2814 Ciceroni

273 2875 387 2962 potest
402 2864 456 2934 vis
474 2862 688 2959 excogitandi
710 2864 843 2960 poetica
869 2862 1072 2960 superesse?
1098 2864 1150 2936 llli
1176 2888 1287 2960 neque

273 2990 398 3072 rebus,
419 3010 532 3083 neque
553 2986 666 3058 verbis
690 2987 906 3085 aliquantum
930 2989 1084 3062 habenas
1110 2989 1288 3064 effundere

274 3114 374 3198 licet,
401 3113 469 3184 nisi
494 3113 611 3184 statim
632 3112 698 3184 sibi
726 3114 830 3209 paulo
857 3114 1039 3211 gloriosius
1067 3125 1286 3190 assentetur:

276 3235 408 3309 Cedant
426 3259 540 3320 arma,
560 3246 626 3308 etc.
637 3237 722 3306 -Ο
737 3235 961 3322 fortunatam,
974 3247 1040 3308 etc.

328 3359 389 3430 His
416 3358 540 3429 similia
549 3365 679 3456 jactare
697 3369 758 3431 aut
776 3358 874 3430 humi
891 3369 1026 3455 reptare
1043 3361 1189 3458 cogitur.
1209 3361 1290 3445 Qui-

278 3485 345 3558 bus
360 3485 397 3555 in
414 3483 604 3580 angustiis,
624 3507 732 3579 quum
748 3485 910 3580 utrinque
925 3487 994 3557 sint
1009 3487 1212 3582 precipites,
1224 3488 1290 3560 iter

281 3623 398 3682 tenere
415 3631 521 3704 quam
540 3607 687 3680 arduum
702 3607 774 3680 estl
793 3609 965 3682 Ciceronis
979 3611 1132 3682 oratione
1151 3635 1290 3706 praser-

283 3736 346 3807 tim
372 3733 628 3830 proditurque
656 3732 759 3805 rebus
783 3732 967 3806 difficultas
993 3734 1178 3808 inhaeserit.
1205 3735 1290 3808 Alie

282 3858 423 3958 quidem
439 3869 519 3930 sunt
530 3880 708 3929 causacur
718 3858 889 3930 Ciceronis
901 3860 1046 3953 propria
1056 3860 1209 3930 carmina
1220 3884 1289 3932 nou

283 3984 427 4083 egregiis
452 3982 577 4078 eloquii
601 3981 785 4054 virtutibus
803 3981 971 4054 eluceant.
1001 3982 1068 4056 Sed
1093 3985 1238 4056 oratoris
1256 3995 1290 4056 et

283 4109 432 4183 bominis
457 4109 558 4179 anxia
580 4106 773 4180 sollicitudo
790 4105 826 4182 'et
846 4108 958 4183 inanis
973 4108 1095 4207 gloria,
1114 4134 1223 4206 quum
1237 4134 1289 4182 ar-
