2836 4880
374 979 508 1027 PROPRIA
529 977 692 1027 CICERONIS
716 979 865 1026 canutus.

153 1255 236 1338 Quae
253 1255 426 1351 pertinent
444 1253 488 1328 ad
507 1253 675 1353 linguam,
695 1252 739 1326 ad
761 1255 934 1352 poeticum
951 1253 1116 1326 orationis

102 1377 266 1464 colorem,
287 1389 321 1450 et
336 1378 380 1452 ad
397 1379 525 1452 heroici
541 1403 662 1452 versus
680 1379 904 1477 elegantiam,
921 1401 962 1450 ea
978 1389 1113 1450 tantum

101 1501 197 1598 apud
215 1503 407 1599 superiores
426 1514 545 1600 poetas
562 1515 596 1576 et
612 1506 810 1577 Ciceronem
824 1504 979 1576 conferre
998 1525 1116 1574 concc-

102 1622 210 1694 ditur.
226 1625 338 1708 Quam
352 1649 433 1697 vero
445 1629 736 1723 comparationem
755 1638 794 1699 ut
810 1625 855 1700 ad
867 1625 1010 1724 hujusce
1027 1625 1117 1721 capi-

102 1749 148 1820 tis
167 1749 273 1824 finem
291 1775 498 1848 seponamus
515 1776 570 1824 res
587 1753 663 1850 ipsa
685 1763 816 1825 monet.
852 1752 1006 1849 Reliquit
1024 1751 1117 1822 enim

102 1871 221 1944 Cicero
240 1874 406 1958 carmina,
426 1874 605 1970 exquibus
624 1875 716 1971 apud
724 1875 823 1948 illum
834 1874 1048 1973 excogitandi
1060 1875 1118 1946 la-

102 1975 282 2081 cultatem,
293 2009 328 2068 et
339 1999 451 2094 operis
461 1997 614 2096 fingendi
625 1999 807 2072 eonsilium
817 1998 940 2070 saltem
951 1999 1117 2094 suspicari

102 2119 290 2214 possimus.
310 2123 389 2192 Haec
405 2132 521 2193 autem
538 2121 606 2194 dno
625 2147 733 2218 qurum
746 2123 895 2193 maxime
906 2131 1044 2218 poetam
1061 2121 1119 2192 de·

103 2241 236 2314 clarent
247 2253 281 2313 et
294 2241 338 2315 ad
349 2245 466 2314 vivum
480 2245 685 2342 exprimant,
701 2244 892 2318 cavendum
903 2255 954 2316 est
966 2268 1009 2314 ne
1020 2244 1119 2342 lrag-
1222 2275 1224 2282 ⁴

103 2376 235 2452 menta,
254 2368 412 2462 quamvis
430 2369 576 2454 minuta,
597 2371 912 2466 praetermittamus.
931 2367 1037 2440 Nobis
1055 2369 1116 2466 igi-

103 2503 161 2564 tur
183 2492 367 2592 relegenda
387 2493 548 2567 videntur
573 2497 702 2580 omnia,
727 2520 803 2591 quae
829 2495 967 2591 proprio
984 2482 1138 2566 Tullius

1 2646 2 2669 ¹
103 2619 224 2690 afflatu
249 2621 435 2716 scripserit,
463 2631 497 2691 et
519 2644 560 2691 ea
584 2621 775 2716 praesertim
804 2618 1020 2700 excutienda,
1039 2643 1117 2716 quae

103 2753 258 2816 montem
274 2755 308 2815 et
322 2745 500 2842 ingenium
518 2746 666 2818 auctoris
683 2755 898 2842 expromunt.
938 2824 941 2832 ,
1101 2829 1109 2842 ι

148 2847 295 2962 ‘Propria
311 2867 482 2938 Ciceronis
498 2868 652 2938 carmina
674 2877 822 2963 quatuor
843 2866 946 2966 vulgo
975 2865 1115 2940 tradun-

105 3003 163 3065 tur
192 3017 201 3064 ε
231 2993 375 3077 Marios,
399 2994 446 3062 De
470 2997 652 3078 consolato,
675 2995 722 3066 De
750 2996 931 3086 temporibus
957 2997 1041 3078 suti,
1071 2993 1115 3066 de

104 3117 300 3190 Britannica
329 3119 471 3190 Caesaris
501 3118 715 3215 expeditione
744 3117 977 3191 desideratum
1005 3118 1112 3192 aliud.

106 3242 238 3328 Quibus
254 3244 358 3314 etiam
372 3244 531 3340 quintum
547 3242 798 3342 subjiciendum
811 3268 886 3316 esse
899 3267 1114 3330 censeamus,

107 3368 137 3438 si
152 3367 255 3442 modo
274 3367 361 3440 fides
383 3368 493 3440 Nonio
519 3369 563 3440 sit
587 3367 760 3453 habenda,
788 3367 861 3440 haec
890 3368 953 3441 suh
982 3368 1114 3442 vocab:

114 3489 360 3588 «Eleganteso
382 3491 610 3562 memoranti:
631 3475 846 3588 «Elegantes
856 3475 871 3562 ‘z
885 3491 1028 3575 Tullius,
1044 3515 1116 3562 car·

108 3614 201 3684 mine
219 3613 262 3686 de
273 3613 449 3686 moribus:
466 3613 656 3686 Avaritiam
669 3615 786 3686 omnia
800 3615 883 3686 vitia
900 3612 1028 3686 hahere
1045 3639 1117 3710 pu-

109 3746 185 3807 tant
203 3747 438 3833 sumptuosus,
457 3737 615 3835 cupidus,
635 3737 765 3836 eligans
793 3737 883 3836 (sic),
907 3736 1064 3822 vitiosus.
1094 3767 1111 3804 s

158 3862 267 3956 Hujus
283 3863 444 3934 carminis
462 3886 634 3960 nusquam
653 3862 755 3949 alibi,
777 3861 870 3960 quod
895 3860 1036 3958 quidem
1045 3886 1117 3934 ar-

110 3985 290 4068 bitremur,
309 3997 465 4083 superest
482 3989 684 4086 vestigium,
712 3989 778 4060 nisi
803 3988 891 4060 forte
919 3997 1019 4084 putes
1035 3987 1116 4059 illuc

111 4112 279 4208 pertinere
297 4137 372 4207 quae
388 4112 505 4186 laudat
524 4117 584 4186 Ars
603 4115 755 4200 ciaconii,
771 4112 1002 4197 Lindemann,
1018 4137 1052 4183 v.
1072 4114 1112 4195 1,
