2866 4866
521 366 705 426 -raca

110 499 144 562 L.
169 501 224 573 15,
242 498 294 560 23.
551 498 596 561 lla
609 503 640 563 te
653 499 685 560 in
697 516 866 560 sermonem
882 503 912 560 et
925 517 1047 580 perseca

293 607 297 616 '
311 606 351 667 Et
369 606 498 682 confice,
516 610 627 683 excita,
644 606 806 687 compella,
822 607 956 685 loquere.

109 714 144 776 L.
168 716 220 791 1³,
242 717 293 777 52.
717 715 908 788 Reneoocto,

309 821 448 897 Condito,
468 840 605 884 sermone
618 824 707 898 bono,
723 829 771 898 et,
788 826 811 885 si
826 825 939 902 qnoeri',
956 823 1095 886 libenter.

108 933 144 996 L.
166 934 217 1007 ll,
239 933 291 994 il.
312 931 377 994 lloc
391 937 537 1008 metuere,
554 934 684 995 alterum
698 935 729 994 in
744 937 829 994 metu
843 951 904 994 non
916 951 1039 1012 ponere.

107 1043 143 1104 L.
167 1045 219 1116 15,
243 1041 293 1103 ll.
313 1041 376 1104 Nec
387 1042 596 1123 Pelopidarum
610 1041 689 1105 lacta
702 1062 802 1122 neque
814 1041 928 1105 famam
939 1043 1072 1116 audiam.

157 1273 212 1346 Ad
232 1275 335 1366 [omit.
358 1274 470 1372 Epor.

107 1498 145 1560 L.
175 1497 214 1572 2,
246 1494 278 1557 8.
310 1491 413 1568 Quare
426 1492 649 1570 datehomini3
665 1493 892 1574 complectetur,
907 1492 1095 1556 mihicrede.

147 1639 190 1654 -
254 1605 286 1666 9.
307 1602 375 1664 Non
387 1601 502 1682 edepol,
520 1606 665 1679 quantam
679 1605 774 1677 egeris
783 1623 849 1665 rem
860 1622 959 1682 neque
971 1604 1121 1681 quantum

836 1711 962 1796 [lacinus
976 1710 1119 1773 leceris...

308 1818 484 1880 Incredibile
498 1818 555 1880 hoc
568 1818 652 1880 lactu
667 1818 846 1898 objicitur...

310 1925 420 1986 incessi
433 1905 572 1986 omnibus
581 1925 730 1986 laetitiis...

309 2033 374 2110 Ego
387 2035 575 2115 voluptatem
588 2036 681 2096 animi
694 2035 859 2096 nimiam...

106 2149 144 2210 L.
175 2151 205 2222 ’1,
227 2147 279 2208 10.
302 2146 365 2206 Aut
383 2147 562 2208 consolando
574 2152 629 2208 aut
644 2146 765 2208 consilio
778 2150 831 2207 aut
846 2164 880 2206 re
891 2145 1010 2225 juvero.

151 2295 187 2307 —
233 2259 284 2320 15.
303 2257 370 2318 Non
383 2275 419 2317 ex
430 2257 500 2336 jure
515 2276 641 2319 manum
665 2261 851 2331 consertum,
870 2256 922 2316 sed
942 2272 1030 2328 mage
1043 2251 1123 2314 lerro

309 2364 385 2424 Rern
398 2368 551 2444 repetunt.

105 2473 144 2535 L.
172 2474 209 2546 9,
237 2472 289 2534 26.
312 2470 412 2546 Quem
422 2472 646 2552 exspectabant,
663 2471 750 2550 cujus
759 2471 798 2532 cb
810 2488 843 2532 os
857 2469 939 2532 Graii
954 2487 1007 2530 ora
1017 2468 1124 2530 obver-

926 2573 1043 2658 [iebant
1055 2594 1121 2637 sua.

370 2973 440 3035 Vidi
456 2989 490 3034 ac
503 2969 632 3052 perlegi,

150 3137 280 3200 Lutetiae
300 3135 497 3210 Parisiorum,
519 3135 551 3194 in
570 3130 718 3204 Sorbona,
742 3129 812 3210 ipsis
830 3127 951 3190 kalend.
974 3128 1121 3208 septemb.

109 3267 182 3311 ann.
198 3265 223 3310 ι
243 3263 316 3308 nccc
330 3263 398 3320 avr,

151 3403 308 3468 recolatis
322 3403 484 3466 litterarum
499 3401 532 3462 io
547 3396 699 3461 academia
713 3394 871 3458 Passieni
888 3395 1024 3470 boacas,

556 3555 695 3620 J.-Vrcr.
715 3554 766 3617 LE
786 3553 923 3621 CLERC.

333 4123 451 4177 laidem.
459 4149 492 4162 -
500 4119 666 4186 imprimeric
677 4118 710 4170 de
722 4117 752 4171 N.
766 4118 908 4169 liemaro.
