2866 4866
745 369 904 428 ..96-

323 505 493 601 pertinere
508 499 656 573 videtur.
676 499 779 573 Aliud
792 513 908 572 autem
925 499 1156 598 fragmentum
1166 500 1204 570 in
1216 500 1340 585 tertio,

323 632 383 712 31,
409 629 654 698 Tusculanorum
671 625 885 710 occurrens,
920 626 1120 695 Conotn‘otom
1144 625 1194 696 ita
1216 627 1342 696 mani-

321 753 407 826 festo
436 751 621 836 conuertit,
655 762 693 821 nt
711 749 823 836 illius,
850 749 963 824 verbis
994 748 1158 836 totidem,
1184 761 1341 846 quatuor

320 901 440 950 versus
456 876 637 971 exprimat.

308 989 309 993 ¹
367 1001 453 1070 Sunt
472 999 576 1095 igitur
592 997 740 1070 duorum
758 999 1007 1068 Prometheorum
1021 995 1114 1094 apud
1132 998 1337 1072 Ciceronem

319 1124 475 1222 vestigia.
498 1121 672 1194 Amhcsne
688 1124 855 1229 convertit
876 1122 1013 1206 Attius,
1033 1133 1093 1194 ant
1109 1121 1259 1194 alterum
1276 1123 1338 1196 al-

320 1255 393 1317 tero
408 1244 595 1342 supplevit,
615 1256 648 1316 ct
658 1268 754 1316 more
768 1245 971 1314 Terentiano
985 1241 1147 1316 miscuit?
1164 1244 1212 1314 At
1222 1269 1335 1317 unum

320 1367 405 1438 Attii
423 1353 636 1438 Prometheum
649 1367 864 1464 grammatici
883 1364 1042 1466 laudant;
1062 1375 1096 1438 et
1109 1366 1139 1436 si
1153 1365 1335 1461 Sophoclis

321 1492 435 1564 locum
452 1467 719 1564 consideraveris
731 1503 765 1562 et
779 1490 859 1563 inde
869 1491 1067 1587 conjeceris,
1082 1511 1218 1562 merum
1230 1492 1338 1562 inter-

322 1629 470 1714 pretem,
489 1640 573 1701 non,
594 1627 632 1686 ut
650 1617 698 1686 ita
715 1615 841 1700 dicam,
860 1615 1034 1686 uariarum
1051 1637 1168 1686 rerum
1188 1614 1338 1686 ordina-

322 1753 433 1813 torem
469 1739 718 1836 deprehendes.
755 1741 845 1837 Ergo
881 1763 951 1810 non
980 1738 1115 1810 diversa
1141 1740 1337 1835 composuit

321 1868 455 1952 Attius,
482 1877 516 1938 et
532 1865 680 1938 ducrum
713 1864 865 1963 AEschyli
893 1864 1164 1962 fragmentorum
1182 1866 1338 1938 Ciceroni

316 2000 391 2091 jam
416 2015 525 2065 unum
543 1991 696 2088 contigit.
715 1992 815 2062 Vetat
842 2001 958 2062 autem
978 1990 1108 2062 Nonius
1125 1989 1261 2062 Attium
1280 1991 1339 2062 al-

322 2119 574 2213 teriusqucque
586 2116 802 2212 possessione
815 2115 928 2213 dejici.
942 2113 1033 2198 Quid
1049 2115 1141 2186 enim
1157 2113 1212 2186 his
1221 2115 1338 2188 verbis

321 2242 598 2339 significantius:
631 2241 798 2324 «Attius,
822 2242 1019 2310 Prometheo:

768 2451 846 2513 Tum
869 2407 996 2513 sublime
1016 2451 1137 2514 avolans

442 2561 569 2622 Pinnata
585 2559 681 2622 cauda
695 2563 832 2623 nostrum
847 2562 950 2624 adulat
964 2565 1140 2637 sanguinem
1157 2560 1219 2645 (ἣῖ
1236 2587 1250 2620 o

372 2774 617 2844 Puteolanorum
648 2772 754 2868 igitur
776 2772 1025 2870 fragmentum,
1050 2774 1086 2844 in
1116 2795 1184 2868 quo
1212 2771 1337 2844 saltem

320 2897 393 2970 haec
418 2895 664 2980 obversantur,
684 2897 778 2968 Attio
792 2904 870 2995 jure
893 2897 1152 2970 concedendum
1169 2907 1235 2970 cst.
1257 2898 1337 2968 For-

321 3031 426 3092 tasse.
448 3021 558 3092 Causa
573 3029 691 3092 tamen
704 3022 870 3094 nonnulla
887 3022 1024 3110 subest,
1047 3047 1108 3096 eur
1124 3021 1220 3094 litem
1245 3020 1337 3092 diri-

321 3167 417 3216 mere
433 3169 504 3218 non
519 3167 757 3241 properemus.

369 3267 540 3365 Dijudicat
554 3270 706 3342 Nonius:
721 3268 813 3342 illius
825 3271 1030 3342 sententiam
1042 3271 1234 3342 Arusianus
1247 3271 1336 3342 Mes-

322 3411 381 3466 sus
405 3392 539 3464 irritam
560 3393 653 3466 facit.
680 3395 757 3490 lpse
785 3393 849 3466 sub
879 3393 999 3468 eodem
1022 3394 1150 3479 verbo,
1178 3397 1332 3466 oduariz
1410 3378 1411 3382 ¹

327 3543 343 3582 ‹
369 3513 522 3586 Adulant
538 3513 655 3600 illum,
675 3517 792 3588 Cicero
810 3518 845 3588 in
863 3518 1039 3603 Pisonem,
1060 3517 1103 3586 tr
1119 3541 1128 3602 ;
1143 3517 1240 3590 idem
1257 3520 1333 3589 Tos-

320 3640 380 3710 cot
396 3641 438 3722 2,
453 3638 520 3706 10:
539 3646 696 3708 nostrum
709 3637 828 3710 adulat
845 3641 1048 3736 sanguinem
1069 3639 1134 3738 (2).
1157 3668 1173 3708 a

367 3762 482 3846 Quum
493 3761 598 3860 igitur
609 3759 659 3832 illi
669 3761 737 3835 duo
750 3761 794 3835 de
803 3763 899 3836 verbi
910 3763 1066 3861 ejusdem
1080 3764 1332 3863 significatione
1361 3829 1368 3852 ,

355 4033 390 4104 (a)
404 4033 516 4104 Nonius,
530 4034 579 4092 sub
592 4014 690 4093 terboi
702 4035 835 4093 adolatio.

356 4131 383 4202 (2
408 4129 574 4189 Lindemann.
588 4132 732 4190 Arusianus
743 4133 858 4204 Nessus,
870 4133 920 4190 sub
931 4134 1004 4192 verb.
1014 4127 1134 4190 adeun.
