2836 4880
736 381 898 444 ..es-

313 514 358 588 de
382 515 621 611 praepositione
638 541 648 587 ι
672 543 688 583 ι
709 514 905 588 Adversum
922 513 1015 613 leges
1035 537 1218 612 moresque
1245 539 1335 588 rua·

312 638 437 711 lorum.

359 764 492 836 Minora
506 773 655 858 quatrwr
674 788 684 834 z
703 764 860 834 Jocclcris
878 764 1012 846 libellas,
1036 763 1190 844 occos,
1206 763 1332 850 Nelos,

312 898 347 960 et
357 889 507 960 nominis
524 889 629 960 etiam
644 889 766 961 incerti
782 913 907 986 poema
925 887 1115 986 quoddam,
1134 888 1255 986 aliqua
1271 891 1332 963 vix

311 1015 478 1086 memoria
502 1013 607 1112 digna
622 1014 802 1101 videntum
833 1027 957 1088 caetera
979 1040 988 1086 :
1013 1015 1328 1120 PontimlGluacus,

310 1140 452 1222 Lt'mon,
491 1140 665 1232 Alcyones,
704 1141 816 1232 Elegia
854 1141 1061 1223 Tomclastr'a,
1097 1140 1134 1210 in
1165 1162 1328 1235 praesens

310 1261 451 1347 omissa,
478 1286 586 1358 quum
604 1263 776 1337 Ciceronis
800 1263 1042 1336 translationes
1064 1271 1099 1335 et
1114 1263 1331 1337 imitationes

309 1385 520 1484 relegemus,
541 1387 578 1459 in
595 1386 750 1460 medium
774 1409 896 1461 rursus
913 1385 1029 1460 afferri
1045 1397 1221 1485 poterunt.

357 1511 410 1584 Ex
424 1509 492 1584 illis
512 1513 617 1584 etiam
629 1525 778 1610 quatuor
790 1535 868 1610 qua
880 1509 980 1586 nobis
996 1511 1250 1585 consideranda
1264 1535 1329 1584 se-
1401 1595 1402 1628 ,

308 1649 498 1733 ponuntur,
520 1635 589 1710 duo
606 1635 686 1710 licet
701 1637 850 1724 auleras,
871 1661 980 1735 quum
997 1639 1110 1734 operis
1125 1659 1147 1709 a
1161 1639 1328 1712 Cicerone

308 1759 449 1856 quidem
472 1761 634 1848 absoluti,
662 1761 757 1836 nullo
774 1774 892 1835 tamen
909 1774 1094 1859 superante
1110 1761 1320 1862 fragmento,
1401 1757 1402 1782 ¹

308 1884 352 1958 do
368 1887 511 1959 Caesaris
533 1885 749 1984 expeditione
773 1909 913 1960 carmen
931 1887 1173 1986 intelligimus,
1202 1887 1324 1960 consi-
1401 1975 1402 1988 ἵ

306 2009 392 2084 liu‘m
407 2024 442 2085 et
458 2013 611 2112 fingendi
633 2016 803 2086 rationem
822 2019 1019 2112 conjectura
1036 2013 1211 2110 prosequi,
1226 2037 1322 2086 non·
1401 1995 1402 2020 ³

247 2113 249 2118 Ι
306 2135 434 2209 nullius
449 2139 532 2211 aleae
548 2152 582 2210 et
599 2139 762 2212 audacius
778 2137 882 2235 paulo
898 2135 1086 2210 videretur.
1106 2135 1206 2223 Quod
1216 2137 1321 2210 etiam
1401 2183 1402 2242 p

306 2259 352 2332 ad
363 2263 527 2346 Mariam,
549 2263 689 2334 omnino
704 2263 776 2334 lere
794 2261 1047 2349 desideratum,
1070 2261 1206 2336 attinet.
1227 2265 1320 2362 Ergo
1401 2261 1402 2344 Ῑ

307 2383 449 2457 sileatur
465 2365 663 2484 utrumque,
677 2409 786 2484 quum
802 2386 1003 2461 nobisnunc
1019 2389 1056 2460 in
1073 2389 1188 2462 animo
1202 2390 1320 2462 sitin-
1400 2393 1403 2576 p

308 2508 429 2581 tiniam
456 2509 585 2609 ingenii
612 2513 735 2608 poetici
759 2523 920 2584 naturam
935 2513 1028 2610 apud
1045 2513 1242 2587 Ciceronem
1257 2513 1318 2586 in-·

306 2635 408 2706 tueri.¹
1402 2699 1403 2722 Ξ

314 2809 323 2822 .
352 2757 583 2854 Aggredimur
600 2759 648 2829 Dc
668 2763 827 2832 consulatu
848 2772 883 2833 et
908 2761 1151 2852 ortospanum
1166 2761 1228 2832 aaa
1244 2781 1316 2832 car-

303 2881 418 2964 mina,
449 2905 526 2978 qnae
556 2883 712 2956 nondum
746 2886 957 2960 secernenda
985 2909 1164 2970 curamus,
1198 2910 1313 2982 ¹quum

303 3003 425 3075 eadem
442 3006 574 3077 ratione
592 3029 685 3079 nunc
703 3033 744 3080 ea
762 3009 1035 3083 considerentur.
1061 3011 1100 3081 ln
1119 3006 1187 3080 illis
1205 3011 1312 3106 quin·
1375 3049 1378 3056 ·

303 3149 384 3222 que,
413 3151 560 3222 quarum
590 3129 731 3225 quidem
763 3134 904 3204 nomina
929 3144 1136 3229 supersunt,
1156 3155 1312 3228 personas

301 3253 431 3324 versari
447 3253 629 3328 videntur:
647 3257 813 3340 Minerva,
831 3258 974 3354 Jupiter,
995 3257 1141 3344 Urania,
1161 3257 1311 3356 Calliope

302 3385 337 3446 et
352 3375 427 3472 ipse
437 3377 565 3468 Cicero.¹
578 3381 691 3452 Minus
705 3381 900 3479 cognitam,
921 3407 998 3479 quae
1014 3383 1051 3455 in
1063 3384 1176 3480 primo
1187 3381 1230 3456 dc
1241 3409 1311 3454 con·

300 3501 403 3570 sclam
416 3499 504 3573 libro
518 3499 631 3575 locuta
645 3505 752 3577 luisse
767 3505 922 3606 lingitur,
945 3531 1083 3580 musam
1099 3507 1305 3593 transimus;

300 3631 509 3721 caeterasque
535 3649 673 3711 musas,
692 3629 818 3702 deosve
838 3644 898 3703 ant
919 3630 1022 3717 deas,
1048 3657 1135 3729 quos
1155 3629 1307 3705 dicentes

299 3743 336 3814 in
349 3747 505 3818 omnium
522 3747 594 3818 lere
607 3749 837 3825 coelicolarum
857 3753 1000 3827 concilio
1017 3763 1306 3855 conjectarepro-

299 3889 384 3940 num
397 3881 467 3955 est,
488 3871 579 3944 ultro
599 3873 817 3972 negligimus.
836 3877 903 3961 Qui
916 3901 998 3951 vero
1013 3892 1211 3976 poematum
1225 3906 1305 3956 am-

283 3991 422 4072 =borum
446 4005 577 4070 actores
600 3999 790 4072 certissime
813 4013 1016 4088 noscuntur,
1039 4029 1241 4081 aesomnes
1266 4009 1300 4082 in
1402 4103 1403 4106 Ἴ

299 4143 438 4194 scenam
448 4123 620 4218 quomodo
639 4136 741 4222 posta
756 4125 939 4224 produxit?
