2836 4880
521 409 683 466 ..41-

104 541 363 627 adurinistrata,
395 553 433 614 ut
456 541 603 614 'deorum
627 543 875 615 immortalium
896 555 984 616 nutu
1013 556 1116 642 atque

104 667 247 738 consilio
276 677 310 738 et
332 677 429 764 gesta
455 677 489 738 et
515 669 653 764 provisa
684 692 758 738 esse
785 668 978 740 videantur.
1011 670 1117 765 quue

105 817 216 888 quum
233 799 428 890 conjectura
444 793 607 888 consequi
624 817 829 890 possumus,
849 795 941 890 quod
955 797 1012 866 vir
1027 795 1118 868 vide-

31 897 33 906 ,
106 931 164 990 tur
178 918 322 990 humani
339 917 471 990 consilii
490 929 667 990 tantarum
685 943 802 992 rerum
824 919 1026 1017 gubernatio
1043 945 1118 993 esse

105 1044 281 1140 potuisse3
317 1053 392 1114 tum
422 1066 502 1115 vero
531 1045 580 1114 ita
608 1055 793 1139 praesentes
820 1045 875 1116 his
906 1046 1120 1141 temporibus

106 1192 209 1264 opem
229 1177 263 1238 et
278 1167 443 1238 auxilium
459 1167 558 1239 nobis
575 1168 748 1253 tulerunt,
768 1179 807 1241 ut
824 1193 882 1241 cos
900 1194 996 1265 paene
1013 1170 1120 1242 oculis

106 1293 224 1365 videre
235 1295 542 1389 possemusNam,
555 1304 593 1364 ut
605 1293 944 1380 illaomittam,visas
953 1306 1121 1366 nocturno

107 1430 262 1514 tempore
290 1417 333 1489 ah
367 1417 541 1490 occidente
567 1418 678 1503 faces,
704 1418 931 1516 ardoremque
958 1419 1054 1505 coeli,
1084 1429 1124 1491 ut

107 1539 293 1611 fulminum
310 1540 419 1624 ictus,
439 1550 478 1611 ut
495 1540 585 1625 hac,
606 1565 681 1636 quae
699 1565 791 1612 nunc
806 1541 915 1626 fiunt,
936 1563 1057 1612 canere
1075 1539 1123 1612 dii

108 1663 321 1735 immortales
334 1662 546 1748 viderentur,
559 1663 625 1734 hoc
637 1663 745 1749 certe,
761 1665 924 1753 Quirites,
940 1665 1124 1759 quodsum

110 1789 287 1873 dicturus,
310 1812 422 1884 neque
439 1788 783 1884 pretermittendum,
800 1814 913 1886 neque
931 1790 1126 1886 relinquen-

112 1914 315 1986 domest.»

161 2041 261 2110 Nunc
278 2049 416 2134 poetam
435 2037 616 2109 audiamus
637 2063 646 2109 ε

195 2301 361 2380 Principio,
378 2300 502 2361 aetherio
517 2301 688 2361 flammatus
700 2300 815 2380 Jupiter
829 2303 892 2376 igni

195 2409 342 2482 Vertitur,
360 2411 390 2468 et
403 2413 503 2470 totum
518 2409 673 2470 collustrat
687 2411 801 2472 lumine
820 2413 984 2487 mundum,

198 2518 360 2595 Menteque
376 2519 476 2578 diviua
491 2519 603 2578 coelum
613 2523 768 2596 terrasque
784 2523 927 2598 petessit:

199 2623 274 2698 Quae
288 2627 407 2704 penitus
420 2643 520 2686 sensus
533 2627 690 2686 hominum
704 2629 839 2704 vitasque
852 2631 998 2700 retentat,

197 2730 327 2792 AEtheris
344 2733 447 2792 aeterni
461 2736 544 2811 septa
559 2736 650 2810 atque
665 2733 777 2793 inclusa
792 2735 937 2794 cavernis.

198 2837 249 2911 Et,
266 2840 290 2898 si
307 2838 461 2898 stellarum
476 2843 575 2898 motus
589 2858 752 2918 cursusque
766 2844 908 2914 vagantes

199 2947 290 3007 Nosse
304 2947 392 3021 velie,
411 2966 477 3025 quae
492 2949 550 3007 sint
564 2951 716 3022 signorum
729 2952 760 3009 in
774 2951 842 3010 sede
855 2951 975 3023 locatae,

203 3055 287 3134 (Quae
300 3057 392 3117 verbo
405 3062 435 3118 et
448 3057 528 3118 falsis
542 3056 715 3120 Graecorum
729 3059 850 3118 vocibus
862 3063 979 3132 errant,

201 3167 316 3228 Revera
332 3170 412 3228 certo
429 3167 516 3246 lapsu
532 3170 686 3247 spatioque
699 3167 860 3249 seruatum)

201 3272 310 3335 Omnia
321 3273 385 3352 jam
400 3293 503 3335 cernes
516 3275 616 3336 divina
630 3279 731 3336 mente
744 3277 859 3334 notata.

202 3383 280 3444 Nam
290 3384 422 3462 primum
433 3387 581 3444 astrorum
595 3385 745 3457 volucres,
758 3389 788 3444 te
800 3384 934 3457 consule,
951 3388 1051 3446 motus

204 3492 431 3570 Concursusque
445 3511 548 3566 graves
564 3495 719 3578 stellarum
733 3495 838 3554 ardore
849 3497 1005 3567 micantes,

205 3601 252 3659 Tu
263 3618 397 3678 quoque,
412 3618 507 3676 quum
522 3601 652 3661 tumulos
662 3600 777 3661 Albano
789 3602 821 3660 in
834 3605 935 3672 monte
946 3599 1059 3661 nivales

111 3779 114 3785 ¹
205 3709 364 3782 Lustrasti,
380 3714 411 3770 et
421 3710 490 3770 laeto
502 3713 638 3770 mactasti
651 3710 729 3770 lacte
743 3709 879 3783 Latinas,

206 3815 330 3889 Vidisti,
348 3797 378 3876 el
392 3819 471 3878 claro
487 3818 631 3878 tremulos
644 3819 748 3878 ardore
763 3821 908 3878 cometas.

208 3923 365 4002 Multaque
379 3927 496 3986 misceri
510 3931 654 3986 nocturna
668 3929 765 3999 strage
778 3927 891 4004 putasti
907 3945 915 3984 ι

210 4032 298 4106 Quod
313 4033 408 4094 ferme
423 4036 522 4095 dirum
536 4037 568 4095 in
588 4039 706 4116 tempus
718 4036 849 4096 cecidere
866 4033 996 4107 Latinae,

210 4139 314 4215 Quum
327 4141 437 4204 claram
451 4145 579 4223 speeiem
594 4148 731 4206 concreto
740 4143 854 4204 lumine
867 4141 939 4203 luna
