2866 4866
731 393 766 403 ,
790 359 829 420 go
852 389 890 404 ..

302 499 375 596 gilii
402 497 598 590 Horatiique
629 517 729 566 musa
756 493 894 590 politior
920 517 939 564 e
967 491 1178 564 carminibus
1203 500 1329 561 extur-

302 625 407 696 bavit.
433 627 590 694 Perstant
616 622 719 692 etiam
742 621 949 704 locutioneS,
976 617 1102 716 quibus
1129 641 1173 702 ne
1204 617 1327 688 soluta
1430 631 1431 634 ’

302 746 442 842 quidem
473 745 581 816 oratio
610 743 773 840 pepercit.
804 745 909 839 Leges
936 741 1149 825 hexametri,
1177 763 1325 811 caesurae

301 881 415 942 certus
442 881 476 941 et
499 867 679 964 multiplex
703 865 846 950 modae,
868 888 1092 936 numerorum
1108 863 1257 936 varietas
1284 875 1324 934 et

302 996 469 1068 concinna
503 1015 667 1065 sonorum
696 991 897 1086 temperatio
923 995 986 1060 nec
1009 1013 1099 1074 usu,
1118 987 1181 1060 nec
1207 1011 1324 1086 expe-

301 1119 425 1190 rientia
453 1127 535 1188 tunc
558 1115 689 1186 sancita
714 1111 829 1183 valent
859 1122 893 1182 et
921 1109 1150 1181 celebrantur.
1180 1109 1323 1206 Eloquii

302 1247 410 1328 ratio,
437 1241 586 1314 sermoni
613 1238 769 1343 similior,
788 1235 976 1308 laxioribus
994 1237 1147 1322 numeris
1171 1236 1321 1310 solvitur

302 1382 337 1441 et
348 1369 441 1453 biat;
457 1365 641 1439 verborum
654 1375 825 1435 structura
838 1363 974 1460 gravior
985 1363 1167 1447 interitum
1182 1387 1201 1434 e
1215 1362 1320 1459 plebe

303 1493 417 1563 nescio
433 1489 517 1586 quid
535 1499 710 1588 arreptum
731 1487 803 1558 haec
821 1487 929 1558 oratio
949 1487 1060 1583 sapit,
1085 1487 1141 1558 cui
1158 1486 1318 1558 nondum

302 1616 426 1689 nobilis
442 1615 538 1712 lepos
553 1626 587 1685 et
602 1615 745 1710 patricia
759 1611 917 1708 quaedam
932 1612 1081 1710 dignitas
1098 1611 1264 1709 obtigere.

351 1743 434 1825 Quae
461 1764 531 1812 non
548 1737 657 1810 multo
678 1739 788 1835 magis
809 1739 846 1808 in
871 1736 1026 1808 Lucretio
1044 1733 1165 1808 autin
1182 1733 1318 1808 Catullo

303 1865 451 1963 perfecta
469 1865 631 1962 reperias.
660 1863 719 1934 Sui
741 1861 906 1958 temporis
921 1861 1056 1958 poetico
1072 1857 1240 1933 ¹sermone
1256 1862 1320 1933 Ci-

303 2015 381 2063 ccro
405 2001 541 2062 tanturn
560 1987 689 2072 utitur,
708 2009 814 2083 quem
833 1987 863 2058 si
888 2005 958 2058 non
979 1985 1081 2058 altius
1107 1986 1227 2071 effert,
1249 2007 1321 2057 non

303 2113 444 2186 inferius
463 2113 624 2187 demittit.
645 2113 784 2208 Proprie
808 2123 925 2182 tamen
949 2105 1032 2183 vitio
1052 2109 1203 2195 laborat,
1223 2109 1320 2206 quod

303 2240 378 2332 ipse
396 2261 465 2308 non
492 2239 575 2308 satis
599 2238 749 2334 elingere
773 2237 894 2306 nititur
910 2236 1050 2308 Aratus.
1076 2237 1210 2308 Heroici
1238 2253 1321 2309 car-

305 2363 408 2432 minis
430 2385 533 2458 grave
561 2359 695 2456 pondus
718 2359 934 2456 rigidamque
959 2359 1159 2458 dignitatern
1182 2361 1317 2446 variat,

306 2495 341 2556 et
349 2491 484 2556 summa
491 2485 620 2589 ingenii
636 2483 774 2556 solertia
783 2484 945 2582 Virgilius
963 2477 1119 2570 inflectit,
1132 2484 1321 2582 multisque

305 2609 1320 2707 modisductilem,utitadicam,versumci1cumagit.Hanc

305 2737 484 2808 mollitiem
504 2747 538 2806 ct
562 2737 662 2830 quasi
684 2735 799 2806 latinae
818 2736 932 2830 poesis
954 2733 1181 2806 mobilitatem
1195 2735 1252 2806 vix
1269 2735 1321 2807 ti-

305 2884 383 2932 cero
395 2853 600 2954 suspicatur.
616 2857 710 2928 lllius
722 2858 857 2955 singula
869 2849 992 2932 binare
1009 2861 1162 2931 carmina
1176 2851 1317 2943 cadunt,
1430 2879 1431 2892 ¹

306 3007 388 3068 nec,
410 2975 555 3054 aliorum
572 2983 608 3053 in
627 2981 695 3052 elia
719 2990 845 3081 rejecta
859 2979 958 3080 parte
982 2973 1139 3079 quadam
1156 2985 1320 3056 et'inter-

306 3111 434 3194 mixta,
462 3109 625 3180 continua
647 3108 753 3179 series
781 3109 829 3178 ita
851 3099 1141 3208 conjungitur,'ut
1165 3109 1321 3182 omnium

307 3228 495 3305 solidabat
517 3244 551 3304 et
568 3223 781 3305 indestrueta
797 3223 928 3317 moles3
949 3245 983 3304 et
1001 3235 1030 3305 si
1055 3248 1179 3305 sensns
1193 3233 1320 3306 illaesus

306 3357 413 3441 forat,
433 3359 558 3428 mutari
574 3349 649 3430 loco
668 3367 703 3428 et
718 3349 917 3428 in'vicinam
932 3358 1081 3456 migrare
1089 3347 1213 3431 ‘sedem
1228 3357 1320 3430 illias

307 3479 430 3556 versus·
443 3481 541 3555 facile
565 3494 718 3580 possent.
739 3483 942 3580 Plerumque
960 3484 1100 3556 tandem
1125 3485 1319 3558 eodem'te-

307 3631 390 3682 nore
414 3605 592 3691 feruntur,
621 3605 810 3702 eademqne
834 3605 989 3679 clausula
1011 3626 1112 3704 pares
1130 3595 1315 3682 'desinunt

307 3730 431 3804 Durior
445 3732 549 3804 etiarn
567 3729 772 3824 aliquando,
793 3731 886 3803 sonis
903 3723 1068 3828 asperior,
1086 3721 1319 3806 vocnm'emu

309 3858 411 3930 simili
436 3860 556 3961 fatigat
587 3881 688 3930 aures
715 3847 886 3932 Ciceronis
913 3863 1034 3935 oratio.
1065 3863 1132 3936 Sed
1159 3844 1319 3936 universa
1352 3911 1356 3922 ·
1430 3865 1431 3870 ’

309 3978 539 4057 consideranti
558 3985 746 4081 perspicuae
759 3993 833 4083 jam
850 3969 1018 4060 sermonis
1035 3991 1160 4086 poetici
1175 3984 1318 4063 virtutes

310 4113 346 4181 in
370 4109 582 4180 Pleromatis
609 4119 643 4180 et
669 4109 704 4178 in
733 4110 936 4201 Propaortlcis
955 4108 1199 4198 obversantnr3
1233 4135 1317 4208 quas
