2866 4866
678 367 859 427 ...109-

291 571 293 578 ,
317 502 431 584 Quum
447 474 553 596 igitur
565 497 660 570 nullo
677 495 776 570 nohis
801 497 965 570 alienatur
981 496 1190 577 auctoritas,
1210 514 1282 590 qua

269 624 382 697 locum
401 647 420 696 e
438 621 604 719 Sophocle
625 645 828 694 conversum
846 621 999 694 Ciceroni
1018 622 1191 718 possimus
1208 620 1284 691 eri-

267 773 372 846 pere,
406 746 593 845 querimus
619 759 737 820 utrum
762 747 923 845 Scaligeri
955 747 1104 844 suspicio
1136 733 1285 818 Charisii

269 873 531 945 affinnaticnem
549 884 713 970 praestare
732 884 766 944 et
785 873 968 970 infringere
981 871 1107 944 valcat.

317 1000 394 1070 Iam
409 1022 490 1071 vcro
508 1023 617 1095 quum
638 1022 659 1070 a
674 997 944 1097 conjectantibus
960 995 1003 1069 de
1022 997 1192 1066 Promethei
1208 993 1285 1066 loco

271 1122 402 1195 dictum
411 1123 474 1207 sit,
485 1147 527 1194 ex
538 1124 639 1196 Nonii
658 1123 773 1195 verhis
790 1123 931 1196 alterius
949 1142 1085 1218 quoquc
1101 1120 1289 1220 fragmenti

269 1246 401 1319 iontem
418 1248 569 1344 agnosci,
588 1268 703 1320 nonne
713 1249 841 1344 pariter
853 1245 952 1319 nobis
963 1243 1166 1320 concludere
1179 1244 1287 1317 licet:

273 1369 448 1444 Charisius
475 1396 545 1444 non
571 1371 685 1446 solum
709 1371 906 1470 Sophoclis,
925 1371 986 1444 sed
1012 1373 1118 1444 etiam
1129 1370 1289 1469 AEschyli

273 1494 388 1568 locum
405 1497 575 1569 Ciceronis
588 1497 817 1570 imitationem
833 1519 909 1568 esse
922 1491 1117 1568 convincit?

322 1621 525 1692 Criticorum
541 1622 745 1694 testimoniis
762 1620 896 1706 allatis,
915 1630 954 1692 ut
970 1620 1007 1692 in
1021 1621 1220 1703 Prometheo,
1240 1620 1291 1690 sic

275 1745 313 1814 in
332 1745 502 1816 Trachiniis
519 1747 690 1818 Ciceronis
708 1770 846 1844 quoque
863 1745 1017 1818 subsidio
1033 1745 1190 1816 nitimur.
1209 1741 1292 1814 Nul-

275 1867 349 1938 lum
367 1849 589 1965 interpretem
606 1869 677 1954 ille,
695 1869 756 1942 sed
774 1871 889 1966 ipsum
907 1867 1111 1966 Sophoclem
1124 1865 1289 1964 appellat,

277 1991 332 2062 his
357 1992 499 2066 verbis:
525 1993 626 2067 «de
651 1993 830 2066 videamus
856 1991 1037 2066 Herculem
1066 1991 1202 2086 ipsum,
1233 1990 1294 2085 qni

277 2125 352 2186 tum
368 2113 486 2188 dolore
510 2116 745 2215 frangebatur,
765 2141 873 2213 quum
897 2114 1192 2188 immortalitatem
1216 2114 1295 2210 ipsa

281 2252 392 2312 morte
408 2241 596 2336 quaerebat.
616 2243 710 2326 Quas
729 2242 786 2314 hic
803 2266 904 2316 voces
929 2242 1022 2338 apud
1038 2239 1241 2336 Sophoclem
1256 2241 1295 2311 in

284 2365 455 2434 Trachiniis
472 2362 562 2436 editt
579 2392 595 2432 t

330 2487 384 2560 Ad
414 2488 478 2562 hoc
511 2499 754 2587 argumentum
783 2487 1058 2562 confirmandum
1089 2512 1130 2560 ea
1158 2509 1298 2584 quoque

282 2611 418 2699 valent,
437 2636 515 2710 quae
530 2627 609 2711 post
625 2613 765 2686 laudata
783 2615 899 2687 Cicero
923 2613 1072 2712 subjicit.
1092 2616 1162 2686 Cur
1177 2612 1294 2694 enim,

282 2750 405 2835 praeter
434 2748 534 2812 snam
559 2740 861 2824 consuetudinem,
890 2740 1007 2811 critico
1031 2738 1124 2810 velut
1150 2759 1297 2810 excursu

283 2888 477 2936 sermonem
497 2863 772 2960 philosophicum
789 2863 982 2960 abrumpit,
1004 2875 1039 2936 ct
1055 2887 1155 2936 suam
1171 2863 1296 2961 agendi

260 2987 452 3058 'rationem
479 2985 669 3082 approhare
694 2987 835 3072 nititur,
863 2987 893 3057 si
919 2984 1094 3082 quoddam
1117 2985 1296 3058 Attianum

284 3112 588 3209 notissimumque,
608 3136 671 3184 suo
690 3136 804 3197 more,
824 3122 959 3183 tantum
977 3108 1180 3207 protulerit?

330 3235 436 3308 Nohis
469 3237 631 3334 quidem,
659 3237 776 3308 omnia
804 3259 881 3332 quae
913 3237 1150 3334 congessimus
1182 3233 1297 3309 adhuc

284 3372 488 3460 argumenta
502 3417 523 3444 „
538 3373 578 3434 ut
602 3373 721 3436 auctor
748 3363 927 3458 utriusque
952 3362 1135 3460 fragmenti
1161 3361 1298 3456 reperi-

284 3497 392 3571 retur,
420 3485 618 3558 nonnullius
643 3485 804 3583 ponderis
833 3509 907 3558 csse
930 3486 1102 3562 videntur.
1129 3485 1297 3558 Ultimum

282 3635 382 3696 vcro,
398 3611 491 3709 quod
502 3611 593 3683 inter
606 3611 769 3710 pleraque
778 3613 886 3686 critici
897 3612 1095 3710 negligunt,
1109 3609 1296 3707 praemissis

285 3737 390 3808 ctiam
406 3735 522 3810 auxilii
545 3737 717 3810 nonnihil
737 3739 859 3810 afferre
883 3748 1007 3834 potest.
1032 3736 1120 3808 lllud
1140 3746 1257 3810 autem
1278 3757 1297 3806 c

285 3861 556 3958 fragmentorum
573 3862 726 3934 oratione
742 3863 942 3960 repetimus.

335 3986 515 4057 Summum
533 3985 710 4084 ingenium
736 3986 772 4057 in
795 3986 888 4058 Attio
907 3985 1012 4057 fuisse
1035 3995 1069 4056 et
1087 4007 1184 4080 paene
1203 3981 1297 4055 divi-

286 4133 369 4182 num
386 4131 506 4184 ornnes
523 4109 765 4182 consentiunt:
786 4109 977 4182 «Decimus
994 4107 1135 4206 quidem
1148 4109 1294 4191 Brutus,
