2836 4880
502 425 538 440 ,.
562 401 663 458 591...

124 613 127 620 Ι
159 529 196 590 ln
211 531 310 592 medio
324 530 427 610 populi
440 528 551 592 sedatis
562 531 687 592 vocibus
701 529 804 604 effers,

160 637 315 719 Quidquid
329 659 413 702 come
427 641 569 718 loquens,
586 645 678 720 atque
691 641 793 702 omnia
805 639 905 702 dulcia
917 639 1030 702 dicens.

118 849 210 932 Quae
230 871 311 920 vero
333 857 556 920 recensentur
579 846 693 920 adhue
716 863 875 920 nost-mm
893 846 938 920 ad
961 871 1093 944 propo-

59 972 185 1049 situm
209 973 274 1046 hoc
301 984 438 1046 tantum
461 973 655 1070 pertinent,
681 973 774 1070 quod
799 967 1027 1046 imitationem
1057 975 1094 1044 in

62 1097 242 1170 Cicerone
272 1121 419 1196 grecam
450 1096 657 1195 significant.
682 1099 769 1168 Sunt
797 1108 918 1170 eutem
938 1096 1096 1170 breviora

64 1243 187 1315 quam
202 1232 242 1292 ut
257 1231 351 1292 certa
366 1221 460 1292 iniis
477 1221 674 1293 testimonia
691 1221 815 1317 poetici
832 1223 1001 1293 sermonis
1014 1223 1097 1292 emi-

38 1362 53 1389 ·'
64 1355 200 1456 meant.
220 1343 286 1418 Ubi
302 1368 384 1417 vero
400 1345 510 1416 fusius
528 1345 718 1442 explicetur
736 1346 907 1418 Ciceronis
925 1346 1094 1431 imitatio,

67 1480 185 1565 poeta
209 1469 308 1542 nobis
331 1470 449 1542 statim
472 1469 688 1556 obversatur,
708 1480 768 1542 aut
786 1471 910 1542 saltem
934 1494 1097 1543 versuum

67 1593 212 1666 felicior
225 1594 347 1666 artifex
363 1595 499 1666 emicat.
516 1594 713 1667 Mirandum
728 1593 983 1691 perpendamus
998 1597 1101 1666 Morti

70 1717 219 1804 locum,
236 1742 351 1815 ,quem
378 1720 518 1792 imitans
541 1721 614 1816 ipse
630 1719 780 1792 Voltaire
798 1721 952 1792 Ciceroni
969 1743 1006 1791 se
1029 1743 1100 1792 non

21 1849 23 1854 ’
73 1844 168 1916 satis
186 1867 406 1916 accessurum
429 1867 505 1916 esse
523 1842 677 1916 confidit.
697 1847 773 1916 Jam
790 1845 931 1916 Homeri
946 1844 1101 1942 vestigiis

72 1969 249 2040 insistens
270 1967 420 2052 Tullius,
445 1979 485 2039 ut
510 1969 647 2066 egregia
664 1967 931 2064 pulchritudinis
951 1969 1101 2066 imagine

74 2102 289 2189 conspecta,
313 2091 429 2164 studio
453 2091 606 2189 quodam
626 2091 876 2176 inflammatur,
902 2101 999 2163 motu
1014 2072 1120 2163 novo'

76 2218 232 2313 rapitur,
252 2227 302 2302 et,
319 2217 429 2300 natis,
448 2227 488 2288 ut
503 2217 552 2288 ita
565 2215 698 2301 dicam,
717 2215 801 2300 alis,
823 2239 909 2312 quas
926 2215 1104 2313 ingeniose

77 2341 182 2414 Plato
208 2340 328 2438 lingit,
360 2339 542 2412 sublimius
569 2338 694 2412 evolat.
724 2341 848 2410 Totum
873 2337 966 2410 hunc
989 2337 1104 2410 locum

78 2465 229 2538 laudare
243 2465 363 2551 liceat,
383 2489 452 2560 quo
470 2465 582 2561 magis
606 2462 867 2559 comprobetur,
888 2475 1017 2558 quanto
1034 2463 1104 2535 dis-

80 2592 229 2664 crimine
248 2591 446 2662 Ciceronem
464 2591 536 2660 suis
554 2588 658 2660 modo
678 2587 809 2660 viribus
828 2590 996 2684 nitentem
1016 2590 1102 2660 imi-

82 2727 180 2790 tator
197 2715 314 2788 Cioero
329 2712 501 2811 praecellat
520 2737 529 2785 :

166 2943 281 3007 Nuntia
295 2941 378 3004 fulva
391 2941 471 3004 Jovis
486 2940 623 3002 miranda
637 2940 702 3002 visa
718 2939 828 3015 figura.

169 3177 227 3240 Hic
239 3176 318 3239 Jovis
332 3177 447 3238 altisoni
462 3177 560 3238 subito
573 3177 694 3255 pinnata
707 3173 840 3249 satelles,

168 3288 290 3349 Arboris
303 3305 320 3348 e
334 3291 441 3348 trunco
455 3287 597 3365 serpentis
611 3287 710 3346 saucia
723 3303 843 3358 morsu,

168 3397 237 3477 Ipsa
253 3397 324 3462 ieris
337 3397 447 3470 subigit
462 3396 640 3470 transfigens
653 3395 805 3469 unguibus
819 3411 949 3468 anguem

171 3506 399 3579 Semianimem,
419 3509 449 3566 et
464 3487 546 3566 varia
560 3507 689 3580 graviter
704 3505 817 3565 cervice
833 3481 1009 3576 micantem,

172 3611 272 3686 Quem
286 3632 317 3674 se
330 3616 553 3690 intorquentem
567 3613 683 3675 lanians
696 3617 852 3690 rostroque
866 3617 1037 3686 cruentans,

170 3720 237 3782 Jam
250 3713 356 3784 satiata
369 3723 519 3795 animum,
533 3711 596 3801 jam
611 3721 701 3782 duros
715 3721 778 3782 ulta
792 3721 926 3794 doloreS,

172 3830 281 3909 Abjioit
296 3829 446 3892 efflantem
461 3835 491 3892 et
506 3830 670 3892 laceratum
683 3830 787 3904 affligit
801 3832 833 3891 in
844 3830 941 3904 unda;

174 3937 271 4017 Seque
284 3940 368 4000 obitu
385 3941 484 4002 asolis
496 3940 604 4001 nitidos
621 3941 765 4000 convertit
781 3940 925 4001 adortus.

174 4045 261 4108 Hanc
275 4049 327 4108 ubi
340 4049 521 4130 praepetibus
534 4049 638 4131 pennis
652 4050 799 4131 lapsuque
810 4047 961 4109 volantem

175 4153 333 4238 Conspexit
346 4155 473 4234 Mutus,
495 4160 585 4224 divini
604 4161 736 4222 numinis
749 4175 860 4233 augur,
948 4195 951 4202 ·
1027 4195 1029 4202 ι
