2836 4880
712 411 854 467 ..a-

274 540 374 614 lianec
401 563 508 612 musae
537 541 685 637 speciem
713 541 922 627 intucamur,
953 554 987 614 et
1014 551 1183 639 quantum
1213 548 1288 641 ejus

273 667 465 763 fragmenta
488 665 731 762 suppeditant,
751 667 806 738 vel
823 668 926 738 unius
949 669 1062 764 operis
1079 666 1284 751 consilium,

272 802 307 862 et
332 781 464 887 poetice
490 789 644 889 fingendi
672 793 996 888 praestantissimam
1024 793 1223 866 facultatem
1250 793 1288 864 in

271 926 410 987 auctore
427 914 739 1012 deprehendamus.
755 917 838 1000 Qua
851 942 960 1014 quum
976 919 1013 989 in
1030 917 1123 990 illius
1139 917 1288 1014 propriis

270 1041 481 1113 carminibus
498 1051 634 1113 tantum
654 1041 810 1138 patelieri
825 1043 956 1139 possit,
977 1067 1018 1115 ea
1032 1067 1188 1115 seorsum
1202 1066 1289 1139 per-

270 1167 422 1264 pendere
442 1167 612 1264 congruit.
639 1169 719 1239 Hac
738 1168 843 1266 igitur
864 1168 1016 1264 primum
1035 1179 1216 1240 attrectans
1234 1191 1290 1238 ra·

270 1292 364 1363 tione
383 1315 453 1363 non
471 1291 623 1363 alienum
642 1302 708 1363 est.
734 1293 849 1376 Quum
868 1303 1003 1378 autem,
1025 1292 1079 1364 his
1105 1293 1289 1391 diligenter

271 1416 444 1500 excussis,
461 1425 570 1512 poetae
588 1425 741 1486 mentem
758 1426 792 1487 et
807 1416 986 1513 ingenium
1000 1417 1083 1488 satis
1098 1416 1288 1514 disperisse

270 1541 384 1614 visum
401 1541 526 1626 luerit,
547 1540 660 1626 illius,
682 1551 722 1611 ut
737 1541 786 1611 ita
803 1539 940 1625 dicam,
960 1539 1132 1626 habitum,
1152 1551 1187 1613 et
1203 1565 1288 1614 ora—

270 1668 374 1740 tionis
393 1667 562 1752 lormam‚
583 1689 653 1762 qna
669 1689 732 1737 sua
750 1665 880 1738 Tullius
898 1667 1138 1752 exornaverit,
1160 1669 1287 1740 exami-

270 1789 422 1862 nandam
440 1789 659 1885 suscipimus.

318 1915 405 1985 Hine
421 1912 465 1985 ad
482 1913 626 1984 alteram
640 1911 784 2010 hujusce
803 1911 1045 2008 disputationis
1061 1924 1197 2009 partem
1214 1913 1286 1986 adi-

269 2049 325 2109 tus
342 2048 407 2109 cst.
427 2039 617 2110 Conversos
635 2048 752 2108 autem
769 2038 964 2109 aCicerone
980 2039 1176 2109 Graecorum
1192 2037 1285 2112 locos

267 2163 317 2232 ita
333 2158 461 2256 duplici
480 2159 622 2230 consilio
640 2159 895 2255 prosequimur,
919 2170 958 2230 nt
976 2160 1128 2256 primum
1144 2161 1187 2232 ab
1205 2161 1286 2233 alie-

269 2287 343 2368 nis,
362 2307 439 2379 quae
457 2283 672 2355 transtulerit
688 2283 785 2378 ipse,
807 2307 1049 2378 secernamus,
1068 2296 1103 2358 et
1118 2288 1285 2383 interpre-

268 2422 340 2482 tem
363 2406 487 2481 deinde
502 2406 651 2478 Tullium
673 2431 752 2478 cum
770 2417 909 2479 auctore
924 2406 1033 2480 Tullio
1052 2409 1281 2483 conferamus.

268 2538 355 2606 Tum
379 2533 472 2604 euim
498 2542 684 2628 utrumque
718 2530 834 2602 licebit
865 2533 1058 2604 accuratius
1086 2535 1281 2620 aetimare,

269 2682 331 2730 suo
345 2680 517 2754 quemque
534 2655 644 2754 gradu
661 2655 828 2727 collocare
842 2711 851 2740 ,
871 2667 906 2727 et
923 2659 1148 2753 praestantia,
1168 2660 1198 2731 si
1215 2683 1285 2756 qua

269 2793 468 2867 succurrat,
493 2804 614 2852 causas
634 2781 849 2853 manifestius
872 2806 1085 2880 expromere.
1105 2785 1199 2868 Quas
1222 2785 1284 2860 ubi

268 2911 421 3007 primum
444 2906 637 3004 significare
654 2931 856 2979 concessum
872 2908 998 2993 fuerit,
1020 2920 1093 2981 tam
1111 2910 1285 2984 discordia

269 3045 425 3107 veterum
441 3042 475 3103 ct
491 3032 722 3104 recentiorum
734 3031 777 3104 de
791 3033 963 3105 Ciceronis
976 3035 1109 3130 poetica
1121 3035 1284 3110 facultate

215 3135 219 3145 ⁸
270 3156 466 3230 testimonia
488 3154 757 3240 recensebimus,
777 3167 833 3242 et,
853 3155 908 3228 bis
931 3181 994 3253 pro
1010 3169 1128 3232 nostro
1152 3159 1283 3259 judicio

271 3280 485 3380 compositis,
504 3278 585 3352 huic
605 3280 701 3377 operi
719 3280 799 3362 finis
816 3281 1025 3379 imponetur.
