2866 4866
741 404 788 450 -.
806 374 866 432 nos
887 405 927 419 -

324 505 560 606 permiscuerit
576 515 633 590 ut,
651 504 688 576 in
708 503 887 576 Tusculanis
905 514 1038 578 certum
1054 502 1138 576 Attii
1156 503 1349 603 fragmen—

325 647 400 707 tum
415 634 608 730 rcperiens,
627 632 774 706 alterum
790 635 894 705 etiam
911 631 1232 734 eidemjndiligenti
1247 633 1348 706 festi·

325 759 657 865 nationetribuerit.

374 887 409 956 Si
433 909 514 957 vero
532 887 666 955 solutum
695 885 907 954 Prometheum
932 883 1047 954 Attius
1075 881 1205 966 edidit,
1235 881 1347 954 talem

325 1011 419 1083 enim
440 1011 478 1080 iu
503 1009 696 1108 fragmento
711 1008 842 1081 vomeri
864 1007 937 1080 haec
955 1007 1125 1104 precipue
1141 1005 1247 1079 verba
1273 1007 1347 1080 de-

325 1147 520 1209 monstrant
534 1161 544 1208 t

409 1347 542 1426 «Atque
561 1347 625 1408 huc
638 1302 776 1421 vetusta,
795 1347 887 1409 saeclis
902 1346 1067 1421 glomerata
1083 1346 1224 1421 horridis,
1243 1350 1305 1409 etc.
1323 1365 1341 1406 o

262 1627 269 1644 ,
325 1551 440 1625 locum
454 1564 570 1624 tamen
588 1577 650 1625 suo
663 1559 741 1651 jure
754 1553 870 1625 Cicero
885 1551 1055 1637 vindicat,
1075 1554 1202 1650 quippe
1220 1553 1281 1649 qui
1298 1551 1343 1625 ab

324 1679 419 1750 Attio
446 1679 704 1750 conversionem
735 1688 910 1774 acceptam
938 1679 987 1748 ita
1017 1677 1280 1749 commutaverit
1310 1687 1345 1748 et

325 1802 521 1899 expolierit,
552 1814 591 1874 ut
620 1804 770 1898 priorem
797 1804 1020 1898 interpretem
1051 1826 1121 1874 non
1156 1825 1338 1900 agnosmm

324 1927 396 1998 Aut
408 1929 542 2024 potius,
565 1952 633 2024 quo
651 1951 747 1999 more
762 1928 799 1999 in
816 1929 910 2000 Livio
926 1927 1144 2012 Andronico,
1165 1927 1289 1999 eodem
1307 1938 1342 1999 et

228 2137 232 2146 ι
323 2052 361 2123 in
377 2051 471 2124 Attio
500 2052 700 2124 Ciceronem
722 2074 760 2122 se
782 2074 901 2148 gerere
928 2050 1203 2124 crediderimus:
1223 2051 1341 2123 Livius

324 2177 516 2275 Odysseam
536 2201 578 2249 ex
597 2180 745 2249 Homero
762 2201 963 2248 conversam
977 2177 1136 2273 reliquit;
1149 2179 1265 2274 ipsum
1283 2189 1342 2249 ta-

324 2324 405 2372 men
419 2305 607 2374 Homerum
621 2324 819 2398 aggressus,
835 2302 954 2373 Cicero
969 2302 1056 2373 nihil
1073 2314 1266 2390 mutuatur,
1281 2302 1342 2376 sed

325 2423 399 2520 ipse
416 2449 478 2496 suo
497 2422 612 2496 fundit
625 2424 762 2522 ingenio
778 2449 787 2497 :

569 2672 586 2712 «
600 2649 627 2712 Ο
639 2651 730 2712 decus
745 2651 930 2726 argolicum,
947 2656 1032 2714 etc.»

374 2857 467 2928 Licet
484 2856 602 2952 igitur,
621 2867 709 2928 teste
726 2860 855 2944 Nonio,
882 2862 1091 2932 Prometheum
1111 2861 1266 2960 AEschyli
1283 2887 1339 2932 so-

327 2981 425 3048 lutum
443 2981 665 3053 convertisset
679 2981 815 3069 Attius,
836 2986 978 3057 minime
998 2985 1235 3059 dubitaremus
1253 2989 1337 3084 quin

326 3101 557 3200 fragmentum
581 3105 619 3176 in
646 3107 824 3178 Tusculanis
842 3107 1021 3180 laudatum
1045 3111 1161 3183 Cicero
1180 3122 1338 3183 transtu-

327 3224 418 3296 lerit.

375 3351 471 3423 Hauc
490 3363 605 3425 autem
628 3356 896 3428 controversiam
915 3381 1113 3446 resumens,
1136 3359 1232 3432 etad
1251 3384 1337 3456 pro-

326 3473 478 3570 positum
504 3473 651 3573 denique
683 3489 882 3566 revertens,
913 3482 997 3578 quid
1028 3483 1108 3556 inde
1140 3484 1238 3582 sequi
1259 3489 1335 3582 jure

327 3595 1336 3706 contendas?nisiut,quumauotorisutriusquesupracom-

327 3725 474 3819 positam
493 3726 680 3798 orationem
699 3731 979 3818 meminerimus,
1000 3735 1215 3808 manifestius
1233 3737 1335 3808 etiam

328 3860 480 3935 constet,
501 3851 698 3924 Ciceronem
716 3855 752 3925 in
772 3855 918 3928 aliorum
934 3859 1176 3938 ,convertendis
1199 3860 1335 3933 sibimet

327 3972 442 4068 ipsum
450 3975 559 4047 multo
568 3976 773 4072 praecellere.
787 3980 887 4064 Quod
896 3982 1005 4054 fusius
1016 3984 1184 4080 explicare
1196 3985 1334 4058 tedium

327 4097 489 4184 afferret,
509 4111 543 4172 et
555 4125 618 4210 per
636 4125 673 4174 se
689 4103 773 4176 satis
789 4107 919 4180 enitere
933 4108 1080 4182 videtur.
1101 4111 1201 4196 Quod
1219 4121 1334 4186 autam
1414 4205 1415 4208 Ἴ
