2866 4866
694 377 870 437 -120-

277 513 477 610 phoelisque
509 510 733 608 fragmentis,
772 531 843 581 non
874 505 1072 578 intermisso
1104 521 1292 598 progressu

279 657 380 707 rnusa
403 632 573 704 Ciceronis
601 631 646 704 ad
671 631 818 730 gradum
850 652 986 724 semper
1015 626 1171 696 altiorem
1194 621 1295 694 evehi

280 755 380 829 nobis
398 754 547 827 videtur.
571 757 647 827 Jam
664 755 701 825 in
726 755 929 844 Prognostica
947 750 1077 821 enitent
1093 741 1297 843 perficiendi

279 877 378 950 labor
404 888 439 948 et
456 875 662 949 sollicitudo.
689 877 729 946 ln
751 876 899 946 Homero
924 868 1160 942 transferendo
1184 872 1299 964 major

282 999 467 1090 aemulandi
485 1024 569 1072 cura
584 1009 618 1070 et
633 997 763 1070 felicior
781 998 891 1068 exitus
914 993 1153 1066 obversentur.
1180 991 1299 1074 Quum

282 1147 363 1196 vero
373 1117 911 1219 Sophoclemipsumetaudacior
920 1115 1121 1214 AEsehylum
1129 1111 1299 1186 imitando

283 1257 500 1322 consectatur
511 1246 704 1341 interpres,
721 1243 818 1314 novis
829 1239 979 1326 viribus,
995 1251 1035 1312 ut
1047 1240 1096 1310 ita
1106 1239 1234 1324 dicam,
1248 1261 1301 1309 re·

286 1380 445 1454 creatus,
469 1393 540 1442 non
558 1369 676 1464 iniquo
700 1365 887 1438 certamine
905 1363 1121 1436 colluctatur.
1143 1363 1214 1432 llas
1233 1384 1302 1432 au-

288 1506 359 1568 tem
378 1517 461 1590 opes
474 1491 600 1590 quibus
612 1492 815 1576 instruitur,
837 1500 871 1562 et
884 1488 1070 1584 exemplari
1084 1511 1147 1559 suo
1159 1487 1302 1583 propius

288 1616 433 1699 accedit,
453 1614 545 1686 unde
555 1622 628 1712 jam
638 1614 744 1686 sumit
755 1625 790 1686 et
805 1611 1017 1709 splendidior
1033 1607 1229 1683 instaurat‘.l
1241 1608 1303 1680 lllo

290 1742 455 1814 nimirum
466 1738 765 1833 commerciaque
778 1759 857 1808 enm
868 1735 993 1808 Graeeis
1001 1731 1228 1806 nobilioribus
1241 1732 1305 1803 uti-

294 1875 362 1950 tur,
373 1863 506 1934 animes
515 1861 620 1932 etiam
628 1860 741 1957 erigit,
753 1869 787 1930 et
797 1881 963 1956 generoso
972 1881 1157 1929 succensus
1165 1853 1304 1951 ardore,

294 2010 411 2058 secum
426 1987 500 2082 ipse
518 1993 645 2069 certat,
667 1993 701 2054 et
718 1983 875 2078 superius
895 2005 997 2054 sunm
1016 2005 1103 2078 opus
1119 2003 1208 2052 novo
1226 2003 1310 2052 ear-

294 2110 388 2182 mine
402 2109 521 2180 vincit.
541 2108 661 2212 Nonne
680 2129 761 2178 vero
779 2115 900 2201 poetas
914 2103 1063 2200 aequales
1080 2126 1219 2200 quoque
1239 2125 1311 2174 res-

295 2233 406 2330 pexit,
423 2243 470 2314 et,
490 2255 599 2326 quum
614 2231 804 2302 recentiore
814 2231 945 2326 passim
961 2229 1100 2327 ingenia
1112 2227 1256 2313 florere,
1277 2237 1313 2299 et

296 2353 466 2450 poeticam
479 2351 615 2424 acribus
631 2351 754 2424 studiis
771 2353 1027 2448 exquisitiorem
1044 2351 1186 2424 evadere
1199 2350 1310 2436 videt,

299 2497 414 2546 nonne
425 2474 497 2544 suis
506 2473 610 2544 etiam
626 2473 847 2570 popularibus
856 2475 964 2547 musis
981 2473 1147 2557 attendit,
1165 2485 1317 2545 etaemu-

300 2596 355 2670 lus
370 2593 533 2668 exardet?
551 2598 568 2667 J
570 2619 629 2668 am
643 2595 809 2668 Atacinus
825 2598 946 2681 Varro,
966 2604 1064 2695 eujus
1081 2597 1317 2694 fragmentum

190 2728 192 2732 ’
300 2716 537 2802 laudavimus,
557 2718 736 2814 egregius,
750 2717 955 2802 utvidetur,
972 2730 1086 2814 poete,
1105 2719 1224 2791 multis
1237 2742 1319 2815 ope-

302 2841 399 2914 ribus
413 2840 514 2912 editis
534 2840 688 2912 Ciceroni
716 2840 873 2912 stimulos
900 2840 1027 2913 addere
1042 2843 1167 2938 potuit.
1195 2844 1320 2915 Lucre-

303 2967 373 3038 tius
390 2975 525 3046 autem,
548 2987 656 3059 quum
673 2963 767 3036 illins
794 2966 947 3037 carmina
964 2977 1055 3038 certe
1075 2967 1192 3039 Cicero
1211 2943 1321 3038 mann

304 3088 504 3172 versaverit,
516 3086 571 3160 vel
587 3085 787 3158 solusTullii
799 3112 869 3158 non
881 3089 993 3184 impar
1003 3090 1180 3187 ingenium
1196 3110 1323 3160 acuere

308 3211 412 3282 simul
425 3220 458 3280 et
470 3210 687 3282 inflammare
697 3209 846 3282 valebat.
863 3213 902 3281 ln
914 3212 1058 3282 oratoris
1069 3211 1232 3307 equidem
1242 3233 1325 3307 poc·

308 3335 376 3405 tica
399 3332 599 3428 supellectili
613 3356 683 3404 non
704 3331 871 3404 indicium
887 3335 1035 3429 reperire
1054 3346 1126 3420 est,
1146 3359 1215 3430 quo
1229 3344 1325 3405 certe

309 3456 451 3530 alterius
466 3479 546 3526 eum
559 3455 665 3528 altero
682 3466 875 3541 certamen,
895 3467 955 3528 aut
971 3459 1143 3529 Ciceronis
1161 3455 1328 3528 manifes-

233 3563 234 3566 Ἴ
310 3594 383 3654 tem
395 3581 622 3652 imitationem
641 3591 757 3652 tenere
772 3590 806 3652 et
821 3581 992 3652 aestimare
1008 3605 1127 3677 queas.
1145 3581 1207 3652 llla
1219 3604 1326 3662 vero,

313 3729 390 3802 quae
419 3706 535 3778 statim
560 3706 732 3802 assurgit,
760 3705 960 3778 nobilitatur
976 3716 1010 3778 et
1026 3706 1162 3778 ditescit
1190 3699 1329 3790 oratio,

314 3829 453 3900 tacitam
468 3850 547 3900 curn
561 3827 716 3898 Lucretio
734 3829 988 3900 contentionem
1003 3828 1147 3900 forsitan
1164 3828 1334 3899 universa

315 3951 443 4050 prodit.

246 4051 251 4060 Ι
364 4073 465 4170 Digni
494 4072 634 4166 quidem
664 4082 761 4144 erant
786 4074 961 4146 Lueretius
981 4084 1016 4146 et
1032 4071 1168 4159 Cicero,
1198 4075 1261 4170 qui
1293 4097 1336 4146 se
