2866 4866
530 387 709 444 *iffi-

105 527 173 588 tem
198 491 312 590 lende
328 518 403 590 sinc
419 519 650 592 controversie
665 519 809 616 potitor.
831 520 943 605 Quem
960 545 1005 594 ne
1024 522 1123 598 flocci

102 641 270 742 iaciemus
285 697 295 728 ,
312 642 672 721 ,animadvertendum
702 654 755 716 est
781 643 885 716 Ennii
911 667 1032 717 versus
1056 646 1124 720 he-

102 766 214 838 roicos
232 765 352 870 altillo
369 767 497 840 mirum
510 767 547 838 in
562 766 706 840 modum
723 766 875 840 excultos
888 768 994 840 fuisse
1011 823 1020 854 ,
1039 769 1124 842 Attii

103 913 243 967 musam
272 888 508 986 expolitiorem
538 890 709 975 evasisse,
744 901 779 962 et
809 891 957 962 Lucretii
987 915 1125 990 quoque

103 1037 213 1112 genus
231 1016 432 1100 essi'cerone
451 1016 625 1113 Georgicis
644 1015 768 1090 futuris
784 1027 966 1113 peretum,
983 1018 1125 1116 Virgilio

104 1140 219 1224 viem,
242 1149 282 1212 ut
302 1145 375 1237 jem
401 1138 494 1224 dixi,
515 1139 765 1236 praemuniisse.
794 1139 878 1213 lnde
904 1165 1008 1238 quem
1034 1143 1127 1216 inter

104 1275 226 1360 poetes
247 1263 374 1338 latinos
393 1263 443 1336 illi
461 1263 609 1362 gradum
623 1264 810 1338 concedam
826 1267 1033 1362 anquirens,
1055 1291 1125 1340 non

103 1389 257 1468 multum
281 1387 401 1474 abest,
427 1390 512 1485 quin
537 1388 684 1461 arbitrer
699 1390 874 1485 proximas
896 1401 1014 1462 nostro
1033 1389 1126 1462 Mel-

103 1514 212 1588 herhe
230 1514 324 1588 vices
344 1513 394 1589 illi
417 1514 614 1612 contigisse.
633 1515 709 1586 Non
728 1501 803 1610 peri
821 1515 962 1611 quidem
986 1516 1124 1613 ingenio

103 1641 217 1738 viget,
247 1637 309 1711 sed
335 1663 405 1712 non
428 1638 622 1712 absimilem
641 1662 782 1710 sensum
801 1649 836 1710 et
854 1638 1025 1737 judicium
1044 1661 1126 1710 sor-

103 1765 210 1848 titus,
236 1761 280 1834 ab
299 1762 453 1834 oratione
480 1762 593 1834 soluta
616 1763 786 1856 poetieam
814 1761 999 1847 discernit,
1020 1761 1127 1835 verbe

104 1887 314 1986 perpendit,
343 1886 465 1959 modos
499 1886 700 1970 concinnat,
731 1895 922 1969 metrorum
951 1886 1126 1959 licentium

105 2021 264 2096 coercet,
286 2021 321 2082 et
345 2009 566 2082 nascentibus
593 2007 703 2105 poetis
730 1995 1074 2106 aptiorem‘linguem
1092 2020 1127 2080 et

105 2159 189 2233 opes
209 2136 398 2207 ministret.

154 2257 264 2330 Nobis
286 2257 413 2356 igitur,
433 2279 502 2352 quc
526 2256 638 2352 possis
656 2257 807 2354 aequiore
821 2254 951 2355 judicio
973 2255 1127 2330 carmine

106 2381 282 2476 Ciceronis
298 2380 488 2462 aestimere,
509 2381 740 2454 necessarium
756 2379 913 2466 videtur,
932 2391 974 2454 ut
989 2381 1087 2479 prius
1105 2405 1127 2453 n

105 2517 212 2604 poeta
232 2527 397 2593 persuum
419 2503 586 2574 artificem
605 2503 795 2577 discernes.
816 2506 888 2574 Hoc
911 2506 1126 2598 separatione

104 2651 181 2702 non
198 2625 254 2698 usi
271 2625 467 2696 criticorum
487 2622 641 2719 plerique
657 2624 694 2696 in
713 2623 964 2696 diversissimas
980 2634 1126 2696 senten-

105 2753 176 2834 ties
187 2749 317 2837 obiere,
326 2771 435 2845 quum
447 2746 505 2832 elii
519 2747 724 2842 pessimum,
734 2746 791 2820 olii
804 2747 1127 2844 praestantissimum

106 2874 455 2976 poetemCiceronem
462 2869 658 2945 habuerint.
668 2873 822 2957 Quorum
829 2871 1128 2948 testimoniastrice

108 3002 174 3073 tim
191 3001 361 3097 attingere
376 2996 495 3080 liceat,
511 3006 546 3066 et
564 2995 679 3068 medic
689 2997 811 3095 judicii
826 2997 883 3070 rie
902 3019 1040 3090 aversas
1056 2997 1128 3095 opi

108 3127 232 3202 niones
249 3145 467 3221 componere.
560 3099 565 3108 ⁵
878 3205 881 3214 ,

158 3247 294 3341 Leviter
320 3247 511 3320 attendenti
536 3271 600 3320 sua
627 3247 782 3320 carmine
803 3245 919 3318 Cicero
944 3244 1002 3318 vix
1021 3245 1126 3320 ulline

109 3373 281 3446 momenti
297 3373 419 3444 iecisse
433 3372 581 3444 videtur.
597 3373 695 3443 Nunc
711 3370 804 3441 enim
819 3368 890 3440 vim
907 3378 942 3440 et
957 3367 1125 3466 impetum

108 3500 253 3573 omnino
273 3497 339 3570 sibi
356 3497 488 3583 deesse,
510 3498 637 3595 quippe
653 3495 713 3594 qui
729 3495 836 3568 invito
850 3494 979 3567 scribet
993 3496 1121 3580 animo,

109 3634 147 3696 et
163 3622 207 3696 ob
223 3623 342 3721 petrice
365 3633 493 3695 sortem
508 3620 720 3719 gravioribus
736 3619 828 3692 curie
847 3621 993 3718 agitato,
1015 3616 1126 3690 decla·

36 3757 43 3770 '
108 3761 167 3823 ret
182 3749 248 3848 (1);
261 3772 354 3821 nunc
369 3748 456 3820 «ille
471 3749 600 3833 omnia,
619 3747 752 3844 inquit,
770 3744 856 3822 mihi
874 3743 989 3842 magio
1004 3744 1124 3841 scripsi

109 3897 220 3971 quem
238 3873 369 3946 ceteris
392 3871 491 3969 (2).»

149 4059 187 4131 (r)
204 4058 245 4116 ro
258 4057 395 4127 nonum,
410 4055 430 4114 1.
446 4059 477 4122 c,
492 4057 577 4128 opor.
593 4057 619 4122 r,
633 4057 659 4114 c.

149 4152 520 4225 pretendentes.
