2836 4880
568 393 729 450 ..55..

136 528 376 624 praestantiam
402 535 436 598 et
457 527 494 597 in
514 525 682 620 poematis
699 523 930 596 humilitatem
954 523 1151 608 adscribas,

137 662 175 724 et
192 650 258 724 hoc
274 649 377 724 modo
393 649 567 722 disseras:
585 673 693 746 quum
709 673 848 746 prosam
864 649 1054 722 orationem
1072 650 1152 721 scri-

136 772 223 852 bere
242 775 359 848 Cicero
376 773 607 858 consueverit,
629 784 664 844 et
678 774 832 845 numeris
848 774 991 846 effusius
1010 785 1045 846 et
1062 773 1130 846 libe

136 898 212 970 rius
224 897 422 994 exspatiari,
434 897 491 969 vix
501 895 716 970 adstrictiore
726 897 830 970 modo
841 907 1032 980 coercetur,
1044 921 1154 994 quum

135 1019 373 1116 velutpedicis
391 1031 532 1117 captus,
552 1021 771 1118 ingravescit,
788 1019 941 1104 anhelat,
959 1021 1081 1116 spiritu
1094 1020 1152 1094 de·

98 1159 103 1178 ³
136 1141 278 1216 ficitur?
295 1145 374 1216 llaec
389 1154 506 1216 autem
530 1143 704 1216 conclusio
718 1143 943 1230 claudicaret;
961 1155 1154 1216 metrorum

103 1250 235 1378 lenim
258 1293 325 1340 usu
342 1293 412 1341 non
431 1267 616 1341 destitutus
640 1269 756 1342 Cicero
784 1269 917 1368 poesim
941 1267 1153 1366 aggreditur,

137 1417 249 1490 quum
266 1393 389 1489 puerili
402 1400 477 1492 jam
494 1403 529 1464 et
541 1393 685 1492 juvenili
713 1393 953 1465 exercitatione
979 1394 1152 1490 poeticum

139 1541 336 1590 sermonem
362 1517 568 1604 excoluerit,
590 1531 625 1592 et
641 1519 678 1590 in
694 1543 735 1592 eo
750 1541 915 1616 prospero
930 1543 1020 1615 sape
1034 1541 1157 1591 verse-

139 1653 198 1714 tur
211 1652 349 1716 eventu.

190 1767 272 1851 Quae
288 1790 371 1840 vero
389 1777 471 1838 sunt
489 1768 643 1838 carmina
661 1767 856 1851 Ciceronis,
877 1768 914 1838 in
937 1765 1086 1862 quibus,
1109 1763 1154 1838 ad

139 1893 332 1964 orationem
349 1892 557 1987 respiciens,
571 1914 652 1962 eum
666 1915 703 1962 se
716 1893 792 1987 ipso
809 1915 880 1963 non
897 1891 1094 1964 inferiorem
1106 1893 1161 1962 iu·

138 2013 303 2088 veneris?
316 2017 392 2087 Iam
408 2013 591 2086 ostendere
608 2015 722 2086 conati
735 2039 879 2100 sumus,
895 2017 1052 2111 proprios
1064 2014 1157 2086 illius

138 2163 262 2212 versus
277 2163 347 2212 non
363 2163 465 2236 posse
490 2139 534 2211 de
561 2141 695 2236 poetica
718 2141 849 2212 virtute
864 2163 944 2212 curn
961 2141 1158 2212 orationum

139 2263 396 2361 magnificentia
410 2261 631 2336 contendere.
649 2263 766 2347 Quum
778 2274 898 2336 autem
908 2264 1011 2336 certis
1025 2265 1161 2336 Graeco-

138 2411 218 2458 rum
236 2387 383 2485 ingeniis
407 2387 596 2460 immorans
618 2398 652 2459 et
671 2387 836 2472 studens,
857 2387 939 2460 illos
955 2388 1150 2473 emulatur,

139 2521 175 2582 et
192 2509 400 2584 eduliorum
422 2511 649 2582 imitationem
669 2523 729 2582 aut
746 2512 1008 2584 translationem
1033 2537 1070 2584 se
1092 2537 1163 2585 ao-

140 2636 267 2733 cingit,
286 2635 379 2708 illius
396 2636 505 2707 oratio
524 2635 643 2706 statim
650 2637 830 2720 excitatur,
844 2636 984 2706 calescit
994 2648 1028 2707 et
1042 2661 1161 2710 assur·

118 2775 122 2840 ε’
141 2783 223 2858 gere
238 2757 386 2832 videtur.
407 2761 511 2858 Cujus
539 2759 748 2832 discriminis
775 2783 848 2832 una
867 2758 1009 2845 subest,
1030 2771 1071 2856 ut
1081 2768 1162 2858 jam·
1180 2764 1238 2831 nm

117 2875 311 2969 diximus,
338 2908 461 2970 causa,
483 2909 561 2981 quae
574 2885 806 2958 verisimiliter
832 2886 1009 2958 afferatur.
1040 2887 1159 2970 Quum-

112 2989 114 2996 *
143 3009 558 3107 oratoretgloriatumens
569 3011 738 3108 poeticam
747 3012 1160 3108 exercetCicero,.ingenii

119 3176 121 3189 ι
142 3147 267 3208 natura
277 3159 345 3232 quo
353 3136 515 3232 praecellit
525 3193 540 3222 ,.
554 3148 589 3208 et
602 3137 708 3208 enimi
721 3137 910 3234 pervicacia
920 3191 934 3221 ,.
948 3161 1024 3233 quas
1040 3137 1156 3210 minus

78 3281 84 3292 ·
144 3243 224 3333 cum
233 3261 329 3358 poesi
343 3262 531 3345 consentit,
550 3260 728 3358 abreptus,
747 3262 897 3357 poeticas
909 3262 1068 3344 virtutes,
1082 3262 1158 3357 qui·w

144 3387 209 3462 bus
230 3411 391 3484 quoque,
411 3387 472 3460 sed
497 3388 632 3460 minore
649 3386 761 3486 gradu
778 3387 888 3484 viget,
908 3387 944 3458 in
959 3387 1157 3460 inferiorem

145 3513 337 3588 necessario
348 3511 463 3584 locum
481 3511 632 3611 ablegat.
646 3511 745 3585 Unde
761 3511 802 3584 fit
815 3522 855 3584 ut
867 3513 904 3584 in
914 3535 953 3584 eo
963 3511 1108 3584 facultas
1122 3523 1157 3584 et

146 3635 341 3708 inveniendi
356 3648 390 3708 et
408 3634 622 3732 excogitandi
637 3635 736 3731 quasi
751 3635 997 3732 restinguatur,
1010 3657 1158 3731 oppres-

147 3783 253 3856 saque
266 3766 397 3858 jaceat,
416 3771 451 3834 et
466 3762 544 3858 ipsa
559 3760 728 3832 sermonis
743 3761 867 3864 poetici
888 3761 940 3831 vis
959 3757 1152 3844 hebetetur,

148 3895 182 3958 et
197 3891 271 3982 ejus
292 3884 358 3959 lios
386 3897 536 3958 excreat.
568 3884 633 3957 Ubi
650 3909 732 3958 vero
755 3887 907 3982 primum
923 3895 1095 3956 oratorem
1120 3897 1155 3957 et

147 4006 321 4081 hominem
331 4010 385 4081 sui
397 4010 637 4093 amantiorem,
651 4009 845 4108 argumenti
856 4009 1059 4080 necessitate
1071 4030 1153 4104 qua·

149 4130 228 4212 dan
239 4185 257 4217 ,,
270 4155 399 4208 exuere
410 4135 566 4232 cogitur,
589 4144 623 4206 et
636 4131 923 4230 propriapoeticae
940 4131 1082 4206 consilia
1098 4129 1155 4202 de·
