2866 4866
548 376 731 434 -103-

74 543 84 555 .,
124 505 324 587 addicere,
340 504 426 580 Attii
439 503 649 580 carminibus
666 503 1141 602 templocumaomouumcn-

122 641 247 702 torum
261 627 333 700 adit
319 638 375 700 tus
395 631 572 703 exornavit
596 654 753 703 suorum
760 629 860 727 (1).»
844 631 1081 728 avitarum,
1101 641 1143 704 ut

123 753 249 838 Ennii,
267 753 317 825 sic
333 755 379 824 At
365 753 419 825 aii
435 753 506 824 fere
527 751 751 826 dedicatum'
742 773 779 826 m
798 779 861 827 suo
877 767 1013 852 pectore
1028 756 1142 828 simu-

123 875 258 948 lacrum
278 888 371 950 tcnet
396 877 461 975 (2).
491 877 559 949 Sed
583 879 620 949 iu
645 902 706 963 eo,
732 879 761 950 si
786 903 856 950 non
881 881 1039 978 sanguis,
1058 879 1141 976 lima

125 999 343 1076 desideratur
369 1001 434 1100 (3).
452 1005 628 1089 venosus,
650 1001 742 1100 apud
762 1005 917 1082 Persium
938 1004 985 1102 (d)
1000 1061 1010 1090 ,
1028 1006 1142 1080 smcus

125 1124 294 1212 etdurus,
305 1128 343 1198 in
357 1125 492 1225 dialogo
512 1127 766 1200 decretoribus
785 1127 851 1225 (5),
871 1129 940 1201 situ
956 1129 1141 1204 verborum

126 1249 290 1347 squalens
315 1275 336 1322 a
361 1255 490 1324 Scuoca
514 1263 670 1338 vocatur,
693 1277 773 1349 ep.,
794 1255 858 1326 58.
889 1254 1015 1326 Omnia
1039 1254 1143 1327 deui-

126 1397 196 1470 que
215 1374 316 1459 vitia,
339 1398 416 1469 qua
428 1413 445 1460 ,·
460 1374 503 1446 de
518 1385 676 1446 veterum
693 1385 873 1471 poetarum
892 1375 1010 1474 lingua
1030 1375 1146 1448 disse-

126 1508 264 1584 rentes,
284 1507 386 1569 antea
404 1499 662 1585 recensuimus,
681 1499 717 1570 in
735 1499 827 1572 illius
846 1499 999 1597 reliquiis
1017 1501 1147 1598 passim

113 1633 324 1694 occurrunt.
346 1622 528 1720 Eligantur
546 1625 639 1696 enim
659 1647 678 1695 e
696 1623 937 1721 pulcherrimis
956 1626 1041 1698 Attii
1058 1627 1153 1724 luag-

127 1745 256 1816 m'entis
276 1743 365 1830 duo,
392 1745 517 1842 quibus
539 1759 656 1844 pateat
679 1748 724 1822 ad
742 1774 847 1846 quem
868 1752 982 1847 poesis
1000 1751 1148 1848 gradum

127 1869 271 1966 provehi
298 1871 408 1966 possit
419 1881 483 1953 „et
505 1870 598 1943 unde
612 1870 788 1969 judicetur
806 1897 851 1945 an
877 1874 937 1948 illa
961 1901 1038 1973 quae
1056 1901 1153 1951 nunc

128 1995 304 2093 agitamus
316 2050 325 2078 ‚
339 2003 465 2070 auctor
482 1995 646 2068 emiserit.

210 2225 315 2302 Quam
326 2228 389 2306 jam
404 2231 498 2307 quieti
511 2247 619 2310 corpus
632 2234 777 2292 nocturno
793 2234 912 2312 impetu

210 2333 302 2408 ueri,
319 2352 423 2414 sopore
437 2335 557 2414 placans
572 2340 655 2397 artus
668 2336 843 2412 languidos,

211 2442 313 2506 Visust
326 2445 358 2507 iu
371 2447 482 2508 somnis
496 2449 597 2524 pastor
608 2447 649 2506 ad
660 2465 713 2506 me
726 2447 879 2526 *adpellere

212 2549 308 2610 Pecus
321 2550 492 2624 lanigerum
505 2551 614 2610 eximia
625 2550 863 2628 pulchritudine,

212 2656 280 2718 Duo
295 2657 529 2730 consanguineos
542 2657 649 2716 arietes
662 2656 732 2717 iude
745 2656 831 2732 eligi,
942 2651 944 2658 ’

211 2764 496 2842 Praeclarioremqne
511 2764 641 2850 alterum
655 2765 788 2826 involare
802 2783 852 2826 me
865 2784 874 2842 ;

212 2874 326 2939 Deinde
340 2875 405 2954 ejus
418 2893 598 2958 ger-manum
610 2875 752 2938 cornibus
766 2877 910 2938 conuitier

213 2981 249 3044 ln
263 3001 312 3044 me
327 2985 468 3056 arictum,
485 3002 581 3061 eoque
594 2985 657 3045 ictu
670 3003 720 3046 me
734 2985 771 3045 ad
786 3003 890 3046 casum
903 2984 990 3060 dari3:

212 3090 293 3152 Exin
307 3095 488 3170 prostratum
500 3096 598 3165 terra,
614 3095 745 3167 graviter
758 3095 909 3168 saucium,

211 3199 397 3278 Resupiuum
410 3201 442 3259 in
456 3199 531 3260 coelo
545 3201 681 3261 contueri
694 3203 861 3262 maximum
877 3219 912 3263 ac

216 3305 378 3369 Mirifioum
392 3307 524 3382 lacinus,
541 3309 729 3370 dextrorsum
744 3310 849 3371 orbem
864 3309 1044 3370 flammeum

213 3417 374 3479 Radiatum
387 3416 456 3478 solis
469 3417 578 3495 liquier
592 3436 684 3480 cursu
696 3436 773 3480 novo
788 3417 846 3500 (6)..
875 3430 877 3433 ·

172 3671 209 3744 (t)
228 3671 280 3726 Pro
292 3669 409 3737 Archia,
426 3675 469 3726 ll.

172 3766 210 3834 (2)
227 3765 329 3822 vitruv.
344 3765 383 3820 De
396 3764 543 3836 aarum,
560 3770 593 3838 9,
605 3771 638 3824 3.,

171 3862 209 3928 (3)
219 3859 340 3916 velleius
351 3859 521 3930 Fasciculus,
534 3864 568 3931 2,
583 3865 614 3916 9.

174 3957 211 4024 (l)
231 3954 318 4012 Satira
333 3959 359 4024 t,
371 3971 400 4015 v.
411 3957 458 4012 76.

173 4049 210 4120 (5)
228 4049 336 4122 Diuico.
351 4048 382 4104 dc
397 4049 494 4121 Orat,
509 4066 533 4108 c.
547 4055 596 4110 ut.

175 4143 213 4208 (o)
231 4145 325 4202 Bothe.
341 4147 459 4211 Brutos,
474 4149 535 4202 tet.
