2866 4866
558 385 740 444 -101—
825 404 827 410 ’

111 512 308 597 'vertissc,
334 511 408 584 haec
437 511 626 587 doctissimi
642 517 707 588 viri
732 515 900 592 dubitatio
926 521 1025 592 Nouii
1051 525 1130 594 testi

135 638 259 710 monio
285 638 497 724 confirmari3
525 640 581 712 hic
601 643 693 714 enirn
717 643 781 716 snb
798 645 903 734 verbo
926 647 1151 734 :exanclare,

135 757 262 834 laudat
280 761 388 833 Cicer.
415 763 536 845 Acad,
556 763 581 835 l.
602 767 647 849 3,
668 777 702 836 et
729 769 758 835 T
754 771 874 855 useel,
901 768 926 840 l.
955 757 988 854 l;
1011 770 1152 841 minime

137 909 225 958 vcro
246 887 498 987 ΙΙΤ4444441.,1.2,
520 891 557 962 8.
1087 986 1089 990 ¹

193 1013 263 1084 Nos
284 1036 366 1085 vero
382 1013 544 1112 Scaligeri
564 1016 813 1113 suspicionem,
836 1029 870 1090 et
890 1021 1028 1117 gravius
1053 1021 1154 1092 Nonii

140 1134 340 1222 silentium,
359 1139 561 1211 auctoritate
578 1153 672 1213 certa
692 1143 902 1216 refellimus:
924 1171 939 1212 4
954 1131 1154 1248 Decolorem

137 1286 207 1358 pro
225 1263 298 1334 sine
315 1263 446 1350 colore,
467 1266 516 1336 ait
533 1266 725 1355 Charisius3
745 1270 885 1342 Cicero:
907 1273 1153 1342 Tusculanorum

139 1384 309 1472 secundo,
322 1410 430 1482 quum
442 1389 624 1460 Herculem
635 1389 733 1462 daret
750 1392 1029 1490 ingemiscentem
1046 1393 1111 1490 (1).
1131 1422 1148 1462 4

193 1510 377 1584 Auctorem
393 1513 499 1610 igitur
514 1517 732 1602 Ciceronem,
752 1541 822 1590 non
838 1518 971 1591 Attium
991 1518 1034 1592 de
1049 1519 1154 1592 verbo

145 1633 377 1709 «decolorem
400 1665 416 1706 4
438 1638 612 1712 Charisius
628 1642 789 1738 protulit;
817 1655 851 1715 et
877 1645 992 1742 reipsa
1017 1645 1053 1716 in
1079 1645 1153 1717 loco

144 1759 270 1829 Taceat.
290 1758 430 1832 laudato
447 1764 597 1858 reperire
615 1776 668 1835 cst
689 1790 698 1836 ε

224 1953 292 2014 lam
308 1953 477 2014 decolorem
493 1957 670 2028 sanguinem
683 1975 804 2019 omnem
817 1959 979 2021 exsorbuit.
1083 1949 1087 1956 ⁵

194 2139 251 2208 Lis
272 2161 354 2234 ergo
368 2143 442 2235 jam
467 2137 562 2210 nulla
586 2139 736 2236 pendere
760 2140 908 2213 videtur.
928 2140 1053 2212 Notula
1077 2165 1158 2213 vero

141 2262 360 2334 Lindemann
375 2264 557 2336 interfatur
579 2290 588 2336 ε
609 2293 625 2332 c
645 2267 749 2350 Ouum
779 2267 943 2336 Herculem
962 2269 1050 2337 daret
1066 2269 1159 2358 inoe-

140 2388 348 2458 miscentem»
373 2387 409 2456 in
433 2385 500 2458 cdd
526 2410 577 2457 or.
602 2385 763 2458 melesio
791 2387 918 2483 scripta
936 2397 1036 2472 sunt,
1057 2387 1157 2482 quasi

141 2510 315 2582 Ciceronis
353 2521 497 2592 essent;
532 2521 694 2582 caeterum
728 2533 792 2604 pro
821 2514 908 2579 daret
928 2512 1015 2581 'sine
1049 2510 1155 2582 dubio

143 2633 368 2708 scribendum
390 2637 515 2713 dicerem
537 2644 571 2704 et
589 2657 652 2730 pro
676 2636 916 2726 inermiscentem
937 2635 975 2704 in
999 2634 1087 2708 codd
1106 2647 1159 2708 est

141 2765 400 2853 iaqemescentem.
423 2787 438 2828 4

148 2963 149 2966 ¹
194 2883 294 2968 Quod
313 2884 369 2956 hic
388 2884 536 2980 pertinet
553 2882 597 2954 ad
615 2882 742 2954 lineam
761 2881 875 2954 verbis
892 2882 983 2954 male
1002 2883 1158 2956 subduc-

144 3019 236 3094 tam,
263 3019 297 3080 et
321 3009 365 3080 ad
385 3009 667 3106 ingemiscentem
685 3030 747 3102 pro
770 3035 785 3073 4
805 3007 1114 3104 ingemescentem,
1136 3037 1154 3077 4
1176 3003 1181 3011 “

144 3143 264 3205 nostra
291 3135 433 3204 minime
460 3132 576 3204 refert.
598 3131 804 3204 Mutandum
823 3143 939 3203 autern
955 3135 1042 3204 daret
1061 3135 1098 3204 in
1110 3136 1157 3204 di-

144 3271 239 3341 eeret,
259 3257 351 3352 quod
377 3257 494 3329 critico
519 3256 669 3352 placuit,
696 3280 759 3327 nos
786 3255 926 3350 quidem
943 3280 1012 3328 non
1030 3282 1158 3330 conce-

144 3381 272 3454 dimus.
297 3382 428 3453 Nonius
450 3383 542 3452 enim
571 3380 635 3453 suh
655 3379 760 3452 verbo
779 3383 883 3452 dore:
909 3385 1056 3466 «Dare,
1082 3385 1151 3470 ait,

145 3512 310 3579 ostendere.
338 3537 354 3577 a

194 3634 255 3704 His
271 3632 350 3706 licet
366 3633 508 3704 minutis
524 3632 762 3717 immoramur,
781 3657 847 3718 ne,
869 3631 962 3732 quod
979 3633 1155 3706 afferimus

145 3757 290 3830 Charisii
308 3757 565 3842 testimonium,
584 3756 698 3828 verbis
720 3758 880 3831 omnibus
897 3782 967 3830 non
987 3759 1155 3832 intactum

146 3891 181 3953 et
193 3882 365 3977 integrum
383 3890 595 3976 permaneat.

182 4143 218 4210 (4)
238 4099 413 4210 undenario,
426 4155 452 4198 v.
469 4143 494 4196 4.
509 4139 669 4212 euersas,
682 4140 700 4196 1.
717 4143 750 4210 a,
763 4139 781 4212 u
794 4141 837 4210 ec,
851 4153 878 4211 p.
892 4143 964 4200 ur..
