2836 4880
740 372 901 435 ..62-

327 507 462 582 eendat.
482 506 533 580 lbi
547 504 675 580 diutius
689 506 906 590 immoratur,
921 513 956 575 et
969 512 1079 600 poetro
1094 500 1239 576 taudem
1251 503 1346 576 tices

326 655 452 730 agens,
472 630 565 703 diras
584 629 782 702 hominibus
803 631 1067 726 imprecantem,
1083 629 1293 725 priusquam
1310 631 1345 700 in

325 757 452 829 coelum
471 755 622 842 exsulet,
641 759 808 827 Astraeam
834 754 977 826 inducit.
998 755 1085 824 Tum
1103 754 1203 850 signa
1222 777 1345 826 rursus

325 880 447 953 ordine
459 889 649 964 memorat,
665 901 852 973 eorumque
870 877 945 948 loca
958 875 1078 961 docet,
1094 877 1230 972 poetico
1248 899 1344 948 more

326 1003 412 1076 nihil
425 1003 626 1101 expingens,
641 1003 709 1074 nisi
720 1002 864 1074 fortasse
879 1001 1011 1073 variam
1023 999 1177 1072 siderum
1194 1000 1344 1072 formam

326 1141 361 1201 et
382 1129 519 1212 lumen,
543 1140 577 1199 et
599 1152 667 1224 quo
688 1127 835 1198 invicem
857 1125 971 1198 studio
985 1125 1041 1197 rel
1066 1135 1162 1197 metu
1185 1127 1344 1222 proxima

326 1252 459 1350 fugiant
476 1262 537 1322 aut
552 1260 821 1348 prosequantur„¹
843 1271 844 1277 ¹

375 1379 542 1449 Caeternm
558 1375 606 1448 ibi
623 1374 709 1448 nihil
725 1375 874 1471 reperire
886 1383 951 1460 est,
967 1397 1036 1469 quo
1046 1374 1180 1470 possint
1196 1375 1343 1472 excogit-

327 1501 409 1572 andi
426 1500 570 1572 facultas
594 1501 797 1594 animusque
821 1499 1041 1586 commoveri,
1061 1499 1138 1569 Non
1157 1497 1264 1569 simili
1284 1522 1343 1570 ra-

327 1625 441 1709 tiono,
461 1623 651 1708 credimus,
675 1625 960 1715 Metamorphoseon
982 1631 1101 1694 auctor
1123 1622 1192 1694 tale
1211 1647 1343 1720 propo-

327 1751 434 1822 situm
456 1747 677 1832 absolvisset,
709 1771 773 1818 nec
797 1745 930 1818 Eudoxi
955 1745 1125 1843 sphaeram
1151 1749 1343 1822 exscribere

325 1880 411 1950 'satis
430 1876 619 1949 habuisset.
639 1875 748 1946 Aliter
763 1875 812 1946 illi
829 1875 974 1973 graculo
988 1879 1102 1947 visum
1120 1887 1181 1948 aut
1197 1901 1343 1950 conces-

325 2025 403 2073 sum
419 1999 496 2072 fuit.
516 2003 555 2071 lu
573 2002 776 2092 Propousu'cis
794 1999 937 2072 inferius
961 2000 1065 2081 etiarn
1083 2000 1233 2072 subsidit
1249 2002 1343 2073 Ara-

325 2137 395 2198 tus.
415 2126 520 2209 Quasi
537 2134 680 2208 ventos,
700 2125 785 2219 quin
802 2125 872 2196 imo
889 2124 1042 2220 pluviam
1061 2136 1096 2197 et
1114 2127 1230 2198 nivem
1256 2129 1341 2199 tant'

271 2316 275 2324 .
326 2223 540 2348 praenoscere
566 2248 731 2333 referret,
764 2249 1018 2321 imminentium
1035 2249 1199 2322 imbrium
1227 2253 1343 2325 unde-

327 2397 464 2471 quaque
483 2375 581 2470 signa
599 2371 747 2469 colligit,
768 2383 802 2444 et
825 2372 870 2444 ad
889 2397 1054 2446 nauseam
1076 2387 1267 2448 coacervat.
1290 2377 1342 2450 Ab

328 2497 411 2569 luna
445 2497 597 2594 primum
633 2496 836 2582 exordiens,
870 2497 999 2584 sulem,
1030 2499 1158 2585 nubes,
1191 2513 1340 2587 ventos,

327 2623 466 2720 signum
490 2622 667 2706 Phatnen,
689 2631 723 2692 et
749 2621 917 2718 gregatim
935 2645 1035 2710 aves,
1059 2623 1194 2709 stellas,
1213 2649 1339 2709 ranas,

326 2745 453 2831 boves,
483 2770 632 2841 porcas,
663 2769 764 2830 oves,
793 2745 1011 2842 cupellasque
1038 2747 1183 2846 frigidus
1211 2775 1343 2823 exsan-

326 2870 472 2966 guisque
500 2868 704 2939 sciscitatur.
737 2869 819 2953 Quae
851 2869 951 2943 nohis
981 2871 1122 2968 quidem
1152 2873 1341 2948 deridiculo

325 2993 465 3077 forent,
503 2992 571 3063 nisi
608 2993 846 3090 prejudicatus
885 2996 1066 3070 hominum
1096 2999 1273 3095 opiniones
1307 3013 1343 3073 et

325 3140 459 3189 errores
476 3140 680 3214 cognoscere
691 3125 847 3216 juvaret,
867 3131 901 3190 et
923 3121 959 3192 in
976 3122 1043 3194 illis
1065 3133 1221 3195 veterum
1240 3149 1341 3198 som-

325 3240 411 3324 niis,
431 3250 568 3328 nostra,
589 3265 653 3314 nec
673 3241 856 3339 plebeculae
877 3253 1037 3330 tantum,
1066 3249 1189 3344 saepius
1214 3273 1340 3322 occur—

326 3375 455 3438 rorent.

374 3491 484 3588 Hujus
497 3491 645 3562 auctoris
657 3493 913 3565 Ciceronianam
925 3498 1181 3570 conversionem
1194 3522 1339 3596 perpen-

326 3613 437 3698 suris,
458 3635 529 3684 non
540 3618 615 3710 jam
633 3614 731 3686 nobis
758 3615 837 3688 licet
853 3627 926 3690 tota
945 3643 1020 3714 quae
1038 3631 1223 3717 supersunt
1238 3621 1337 3720 frag-

326 3749 442 3810 menta
456 3737 622 3836 proferre.
641 3741 776 3839 Paginis
795 3743 887 3813 eninr
906 3743 985 3840 plus
1002 3744 1151 3818 sedecim
1170 3745 1333 3832 laudatis,

325 3855 428 3959 paulo
450 3864 586 3964 longius
612 3867 720 3938 oratio
743 3879 862 3952 nostra
885 3869 1142 3964 proveheretur.
1167 3871 1337 3970 Eligenda
1355 3935 1371 3962 ,

325 4013 407 4062 vero
423 3991 617 4062 curarimus
633 4013 709 4087 quae
724 3991 869 4064 virtutes
878 3993 1075 4096 interpretis
1091 4007 1152 4068 aut
1162 3998 1246 4069 vitia
1262 4021 1336 4069 ma·
1357 3965 1394 4075 lt
1416 4026 1418 4037 ’

325 4115 416 4188 xime
434 4113 630 4212 proderent.
649 4117 856 4188 Pleromate
877 4117 1027 4213 primum
1046 4119 1281 4207 revolvamus,
1300 4135 1337 4194 et
