2836 4880
542 393 712 454 ...r-1..

106 531 288 616 Ennium,
307 531 485 612 Naevium,
506 527 674 600 Lucilium
689 524 857 600 imitando
872 529 1078 613 consectari,
1097 539 1133 600 et

107 657 215 730 novis
232 655 391 727 laudibus
410 679 491 750 epos
509 651 674 726 exornare
690 651 876 723 nitebatur.

165 779 356 878 Odysseam
375 777 532 851 versibus
558 777 675 849 latinis
698 787 895 849 convertere
920 777 1035 849 Livius
1052 777 1132 849 An-

89 947 94 954 ·
110 903 292 989 dronicus‚
311 903 497 1001 agrestior-e
512 903 656 974 forsitan
666 889 797 998 lingua,
810 901 921 973 iuerat
934 925 1129 999 aggressus.

111 1027 180 1098 llle
204 1038 342 1113 tamen,
364 1039 529 1124 tanquam
552 1025 691 1123 aliquod
716 1030 802 1122 opus
824 1024 972 1108 Daedcli,
993 1028 1133 1099 Cicero-

110 1159 198 1224 n'em
225 1152 384 1226 delectat.
408 1154 514 1226 Nobis
539 1177 620 1224 vero
646 1128 808 1249 pauciora
836 1164 1021 1249 supersunt
1047 1153 1133 1226 Livii

110 1277 331 1376 fragments,
361 1303 467 1376 quam
494 1291 533 1350 ut
563 1302 642 1350 eum
677 1301 775 1374 aequc
803 1279 976 1374 possimus
1003 1280 1134 1352 trutina

112 1427 276 1500 pensare.
297 1403 349 1475 llli
374 1403 516 1500 quidem
540 1403 814 1502 elegantissimos
829 1425 949 1474 versus
969 1401 1134 1476 adscribit

113 1505 341 1600 Terentianus
360 1530 526 1602 Maurus:

176 1735 179 1741 ·
201 1705 259 1766 Sed
270 1706 334 1785 jam
349 1703 500 1786 purpureo
518 1724 602 1766 suras
617 1706 736 1768 include
749 1705 914 1781 cothurno,
929 1710 987 1768 etc.
1003 1709 1055 1787 (1).

118 1890 199 1962 quae
217 1891 326 1962 quum
343 1865 490 1963 Augusti
515 1865 639 1938 saeoulo
658 1890 728 1939 non
751 1865 1056 1953 dedecoriforent,
1077 1869 1134 1941 vix

86 2085 93 2092 θ
113 1992 259 2090 ,optimis
285 1993 371 2064 Livii
397 1993 590 2064 consentire
606 1990 779 2075 videntur,
799 2002 834 2062 et
850 2015 1032 2064 commune
1049 2017 1134 2089 prae-

117 2116 210 2188 ferre
227 2139 336 2213 genus
354 2115 549 2187 istiusmodi
563 2115 719 2187 versibus
741 2141 749 2187 :

145 2255 148 2260 Ι
200 2293 240 2352 At
252 2293 329 2352 celer
345 2293 430 2353 haste
442 2291 546 2352 volans
559 2293 727 2371 perrumpit
740 2296 861 2371 pectora
874 2290 964 2352 terro.

199 2456 317 2518 lnlerus
332 2475 371 2516 un
386 2473 513 2535 superus
525 2455 581 2515 tibi
593 2453 652 2515 lert
666 2455 733 2515 deu'
742 2453 863 2528 lunera,
879 2454 1008 2534 Ulyxesl

169 2619 316 2702 Ennius,
329 2627 368 2688 ut
381 2619 418 2687 in
432 2615 570 2699 iambis,
585 2614 755 2710 squalenti
768 2638 857 2710 saepe
871 2615 965 2686 senio
978 2625 1136 2710 turpatur

121 2755 156 2815 et
173 2742 303 2814 horret.
324 2745 362 2813 ln
379 2743 554 2812 Annalibus
570 2749 779 2811 occurrunt:

385 2937 530 3010 Magnum
545 2955 641 3014 quum
655 2936 744 2997 lassu’
760 2936 819 2997 diei

201 3044 322 3106 Partem
337 3043 460 3106 iuvisset
475 3045 511 3105 de
527 3046 653 3106 summis
667 3045 750 3106 rebu'
764 3044 923 3118 reguudeis

200 3153 342 3228 Consilio,
361 3156 437 3216 endo
451 3154 515 3215 loro
529 3155 610 3228 luto,
628 3160 790 3233 sanctoque
806 3159 924 3216 senatu.
966 3231 970 3240 ,

171 3321 240 3389 lste
255 3317 446 3416 legentem,
466 3341 571 3413 quarn
593 3316 681 3391 dure
699 3319 767 3389 sint
786 3317 877 3413 apud
898 3317 1049 3388 Ennium
1066 3316 1135 3413 ple-

125 3465 241 3540 raque,
252 3465 464 3538 praemonere
478 3443 625 3514 otiosum
637 3454 702 3527 est;
719 3465 824 3538 quem
837 3442 954 3540 gravia
966 3453 1000 3513 et
1010 3465 1135 3539 magno

125 3591 201 3638 oum
217 3567 368 3664 pondere
384 3567 510 3652 missa,
530 3576 699 3638 testentur
716 3565 788 3638 haeo
808 3565 900 3638 duo:

202 3742 357 3805 Curanteis
370 3761 480 3830 magna
494 3761 563 3803 cum
580 3760 667 3816 eura,
685 3744 893 3822 concupientes

206 3852 331 3926 regnet,
351 3853 423 3913 dant
439 3851 667 3932 operamsimul
684 3853 814 3932 auspicio
829 3852 1026 3928 augurioque.

162 4036 197 4106 (l)
213 4035 252 4092 Cf.
268 4037 341 4108 Virg.
351 4077 359 4106 ‚
371 4037 492 4107 AEncid.,
504 4039 523 4095 l.
538 4042 564 4109 l,
580 4039 651 4094 3³7:

229 4146 412 4218 purpureoque
424 4147 476 4204 alte
489 4162 565 4204 suras
576 4148 673 4204 vincire
685 4148 822 4204 cothurno.

993 4249 1012 4303 2
