2866 4866
527 358 749 430 '-oa.-

239 499 347 560 Rostro
367 499 483 572 tundit,
506 503 537 558 et
556 499 604 560 hio
624 498 757 563 Geminis
775 504 820 561 est
838 500 888 562 ille
910 502 966 562 sub
979 504 1049 581 ipsis

238 604 317 668 Ante
327 605 454 680 Canem,
472 625 568 682 graeoo
582 607 717 688 Procyon
730 611 782 687 qui
794 611 915 671 nomine
928 609 1036 672 fertur.

162 797 365 894 «Praecipiti
380 796 502 893 lapsu,
534 807 627 882 ete,
651 827 667 866 a
691 822 840 896 graecum
865 829 881 868 r
903 800 1102 898 longissime
1117 827 1172 874 vo-

155 921 313 994 lutatur»
332 921 441 994 multo
459 933 611 1019 superat.
658 965 660 968 ·

243 1124 340 1206 Caput
358 1133 448 1204 atque
461 1127 562 1188 oculos
573 1130 717 1205 torquens
732 1127 770 1188 ad
783 1131 869 1201 terga
881 1126 992 1208 Nepai,

155 1313 284 1409 spirat,
304 1313 388 1387 dum
403 1314 505 1414 friget
521 1315 587 1388 hoo
603 1316 770 1388 Arateum
786 1344 802 1384 a
817 1329 920 1414 eaput
937 1317 1002 1390 sub
1021 1317 1174 1390 medium

155 1439 327 1511 Cancrum
343 1441 467 1539 pergit.
489 1469 505 1509 a
525 1441 615 1512 Vivit
632 1443 735 1513 etiarn
753 1467 761 1512 :

235 1639 421 1703 Centaurum
431 1643 491 1704 leui
507 1646 652 1719 contingit
664 1645 779 1708 lubrica
796 1647 910 1723 oauda3

155 1825 348 1926 languescit
367 1840 484 1900 autem
513 1829 661 1902 «cauda
692 1855 794 1926 porro
825 1831 953 1928 pendet
977 1858 1081 1931 super
1097 1836 1172 1932 ipso

155 1943 366 2025 Centauro'»
390 1955 460 2024 Neo
479 1955 595 2025 minus
614 1953 680 2026 heo
696 1954 812 2051 lepida
829 1957 980 2030 delector
998 1959 1171 2057 imagine:

237 2157 413 2220 Extremam
427 2161 524 2221 nitens
537 2161 674 2241 plumato
688 2180 811 2242 corpore
829 2161 947 2226 Corvus.

236 2265 341 2326 Rostro
354 2266 454 2327 tundit
468 2285 476 2342 ;

154 2449 239 2524 dum
267 2449 423 2548 frigidior
453 2450 581 2522 Aratus
611 2477 621 2522 ε
659 2479 679 2519 o
704 2453 876 2525 Extremo·
898 2465 1021 2526 antem·
1040 2453 1170 2526 insidet

156 2573 381 2648 simulacrum
398 2575 518 2658 Corvi,
539 2563 669 2669 spiram
688 2575 861 2646 mordenti
879 2577 1003 2647 simile.
1025 2605 1042 2644 a

204 2699 372 2770 Caeterum
385 2721 456 2768 non
473 2704 546 2794 jam
561 2696 716 2794 singulos
731 2721 857 2770 uersus¹
872 2698 1017 2796 singulis
1034 2723 1171 2794 eompu-

154 2822 288 2896 nendos
300 2820 532 2907 arbitramur;
549 2821 624 2906 sed,
644 2813 753 2918 quum
769 2824 967 2921 interpretis
982 2823 1069 2896 fi'des
1086 2827 1170 2897 satis

155 2949 317 3032 emineat,
338 2945 430 3018 illius
448 2947 646 3019 universam
663 2946 766 3022 modo
785 2946 987 3046 dignitatem
1007 2948 1172 3021 animad-

154 3073 320 3144 vertimus
344 3071 392 3168 (1)
410 3096 424 3144 t.

235 3272 308 3336 Haeo
317 3277 397 3347 suut,
411 3290 478 3350 quae
488 3275 586 3334 visens
596 3276 743 3334 nocturno
755 3275 890 3350 tempore
902 3272 1001 3345 signa,

236 3383 458 3460 AEiernumque
473 3383 576 3444 rolens
590 3383 697 3443 mundi
710 3397 894 3460 praenosoere
912 3385 1051 3452 motum,

236 3493 383 3568 Legitima
393 3511 494 3554 cernes
506 3493 617 3553 ooelum
631 3493 791 3554 lustrantia
803 3508 906 3551 eursu.
991 3576 993 3581 ,

234 3601 312 3664 Nam
328 3621 396 3680 quae
410 3621 463 3682 per
477 3602 522 3662 bis
536 3621 587 3662 sex
598 3605 751 3677 signorum
768 3601 861 3663 labier
876 3601 984 3661 orb'ern

237 3708 378 3790 Quinque
391 3712 486 3773 solent
501 3711 610 3787 stell'ae,
626 3711 716 3772 simili
726 3713 841 3772 ratione
855 3710 960 3772 notari

235 3817 301 3878 Non
314 3822 436 3898 possunt
449 3838 465 3877 r
479 3819 566 3894 quia,
582 3835 649 3894 quae
659 3816 773 3877 iaciunt
792 3819 916 3890 uestigia
930 3833 1040 3888 eursu,

235 3923 303 3986 Non
315 3925 419 3986 eodem
429 3943 547 4006 semper
561 3926 655 4004 spatio
671 3929 789 4003 portata
801 3928 952 3986 teruntur.

192 4129 230 4198 o)
248 4128 351 4200 roam,
364 4131 425 4186 aar.
441 4131 546 4202 amas,
564 4134 626 4189 ror.
