2866 4866
709 435 888 494 400-

290 564 450 662 ignarum
467 560 659 634 auditorem
677 585 765 633 esse.
787 561 888 633 illum
904 562 1173 658 interrogantem
1192 554 1306 630 indu-

289 711 365 759 cere
382 687 498 758 Cicero
516 685 635 770 dehet,
656 695 695 758 ut
706 685 804 756 illum
821 684 961 770 doceat,
982 683 1112 756 nedum
1130 682 1180 754 illi
1197 705 1305 754 men-

289 811 406 882 tiatur.
443 813 495 882 Ita
524 833 605 882 vero
633 809 844 907 respondet,
880 821 921 882 ut
956 809 1149 881 necessario
1182 803 1306 879 credat

290 934 446 1020 auditor,
467 959 576 1032 quum
599 936 683 1007 Attii
701 959 827 1009 nomen
847 935 1008 1020 sileatur,
1031 933 1205 1007 Ciceronis
1217 931 1307 1003 imi-

289 1060 455 1132 tationem
473 1084 570 1144 esse,
591 1060 671 1155 qui,
690 1058 799 1130 sicubi
818 1060 931 1132 caeteri
948 1070 1058 1155 poetae
1079 1057 1303 1137 deiecerunt,

291 1207 328 1255 se
345 1183 389 1256 de
408 1185 533 1256 Graecis
552 1183 662 1255 multa
675 1183 820 1254 vertisse
834 1182 1047 1279 profiteatur.

337 1311 413 1380 Non
430 1311 682 1392 committemus
705 1321 821 1381 tamen
837 1320 877 1381 ut
895 1311 1110 1406 suspicemur
1129 1332 1170 1380 ea
1186 1317 1307 1380 mente

292 1455 367 1503 rem
380 1433 416 1504 in
428 1432 572 1504 dubium
585 1432 770 1505 adductam
785 1432 907 1518 fuisse,
925 1445 964 1506 ut
976 1435 1091 1506 Cicero
1106 1433 1199 1530 turpi
1212 1431 1306 1503 furto

293 1580 370 1652 quae
378 1555 964 1640 fcrentdttiisibivindicaret.Quod
973 1557 1100 1653 alioqui
1108 1555 1309 1651 nullopror·

294 1680 464 1754 susmodo
475 1681 550 1752 fieri
559 1681 739 1776 potuisset.
753 1681 898 1753 Auditor
908 1682 999 1752 enirn
1009 1681 1067 1753 ille
1075 1683 1192 1752 Romae
1199 1675 1307 1751 totius

293 1806 385 1878 vices
404 1807 496 1903 agit,
515 1829 621 1901 quam
641 1804 761 1877 edocet
781 1807 919 1888 Cicero,
939 1817 973 1878 et
995 1806 1032 1876 in
1051 1829 1120 1901 qua
1133 1807 1309 1876 Vennones

292 1931 514 2004 eruditissimi
536 1941 729 2002 versantur.
752 1931 927 2014 Quantum
951 1931 1056 2028 igitur
1080 1931 1172 2002 illius
1188 1929 1310 2026 pudo—

291 2079 366 2126 rem
377 2053 534 2139 decebat,
548 2052 614 2124 sibi
626 2065 744 2124 tamen
755 2053 883 2148 optime
896 2053 1115 2126 transferenti
1132 2051 1307 2134 conscius,

294 2202 332 2249 se
350 2189 526 2249 auctorem
548 2179 663 2248 Cicero
681 2177 856 2272 professus
873 2188 938 2248 est.
956 2179 1107 2274 Carpens
1118 2177 1216 2248 enim
1229 2175 1312 2246 Dio-

294 2301 385 2396 nysii
411 2300 508 2370 stoici
529 2300 629 2393 quasi
652 2299 796 2383 dictata,
821 2299 916 2372 nullo
937 2300 1091 2386 delectu,
1112 2300 1210 2373 nulla
1233 2299 1313 2372 ele-

296 2423 435 2520 gantia,
457 2421 522 2494 sibi
541 2423 663 2494 merito
679 2421 843 2518 plaudere
861 2423 1009 2497 videtur.

346 2550 464 2642 ltaque
486 2547 639 2618 Ciceroni
663 2547 773 2644 magis
802 2572 908 2643 quam
932 2550 1042 2621 Nonio
1067 2548 1111 2621 de
1137 2547 1317 2618 Promethei

298 2672 371 2744 loco
385 2672 491 2744 [idere
508 2673 599 2743 licet.
618 2671 740 2744 Adhuc
763 2696 844 2745 vero
862 2673 905 2744 de
921 2674 1083 2771 AEschylo
1101 2684 1240 2745 tantum
1257 2695 1316 2743 res

300 2797 425 2894 agitur.
444 2795 536 2865 Nihil
553 2795 596 2866 ad
613 2795 788 2890 Sophoclis
804 2797 1035 2894 fragmentum
1050 2799 1088 2870 in
1103 2799 1169 2870 hac
1186 2790 1318 2893 dispu-

301 2919 430 2989 tatione
444 2918 603 3012 pertinet.
635 2917 722 2990 lllud
738 2925 833 3016 jam,
853 2931 887 2992 et
905 2921 1021 2993 minus
1042 2921 1136 2994 aliud
1159 2921 1317 3018 primum

305 3039 535 3137 aggredimur.

354 3167 453 3235 Hunc
479 3189 617 3238 versum
648 3167 738 3239 inter
768 3167 922 3240 Herculis
952 3169 1083 3242 Attiani
1118 3171 1320 3268 fragmenta

306 3287 415 3360 Bothe
426 3287 575 3360 -laudans
596 3315 605 3360 :

510 3486 598 3549 Recte
608 3488 743 3568 perfectis
756 3490 843 3550 sacris
856 3488 919 3552 volt
932 3494 1023 3573 accipi
1035 3491 1086 3576 (i),

296 3631 453 3766 adjicit:
478 3667 612 3740 «Scalz
634 3671 784 3744 fabulam
806 3675 913 3746 Varro
941 3698 1011 3746 non
1036 3674 1223 3760 indicavit;
1259 3673 1326 3747 sed

311 3791 387 3862 Scal
406 3816 415 3862 :
433 3794 484 3862 Ex
499 3791 596 3876 Attii,
615 3792 737 3888 inquit,
757 3797 926 3867 Trachinia
941 3796 1078 3870 videtur
1094 3804 1322 3896 acceptum.»

360 3915 472 3984 Potest
488 3915 609 3995 etiarn,
634 3916 725 4009 quod
742 3941 843 3990 nemo
859 3918 994 3992 videtur
1018 3921 1132 3995 adhuc
1151 3921 1328 3996 animad-

232 4157 233 4160 ’
349 4166 385 4234 (t)
404 4165 612 4237 Poetcrccnici,
624 4183 650 4239 p.
664 4171 725 4226 2⁴7.
