2866 4866
704 360 866 420 ..66-

372 491 437 557 Non
451 490 518 554 aliae
537 507 628 562 naves
641 494 676 556 ut
690 491 722 557 in
736 489 797 554 alto
812 487 998 572 ponderati)
1015 507 1118 570 proras

371 601 449 660 Ante
465 599 559 660 solent
576 603 670 664 rostro
683 599 833 682 Neptunia
847 603 934 686 prata
948 603 1095 676 secantes,

370 707 427 772 Sed
446 726 588 772 conversa
601 712 681 770 retro
701 709 769 770 ooeli
785 727 882 792 seper
896 708 961 777 loca
974 713 1086 788 portas

371 817 472 890 Siout,
489 836 584 895 quum
598 823 719 898 captant
732 823 813 880 tutos
827 820 998 896 contingere
1015 823 1136 900 portae,

253 967 256 973 -
372 925 542 988 Obvertunt
556 945 665 988 navem
679 945 789 1000 magno
803 945 873 988 eum
888 927 1019 1007 pondere
1031 931 1149 1002 nautae,

370 1036 595 1114 Adversamque
610 1035 737 1097 trahunt
754 1041 857 1116 optata
870 1037 908 1103 ad
921 1037 1024 1104 littora
1037 1038 1178 1120 puppim,

373 1143 421 1207 Sio
434 1163 575 1206 conversa
589 1150 676 1207 vetus
699 1165 787 1226 super
802 1147 915 1208 aethera
933 1147 1060 1207 vertitur
1076 1147 1173 1220 Argo,

372 1255 471 1337 Atque
483 1273 579 1336 usque
591 1273 610 1316 a
622 1273 711 1334 prora
722 1256 760 1326 ad
772 1255 885 1323 celsum
901 1257 964 1322 siae
980 1255 1245 1326 luminariorum,

371 1364 397 1436 t
412 1363 491 1434 malo
506 1364 544 1436 ad
558 1365 684 1446 puppim
694 1365 888 1436 oamlumiae
897 1365 1120 1442 elararteeturp

372 1471 446 1542 Inde
464 1471 698 1554 gubernaclum,
713 1473 845 1562 disperso
857 1473 973 1542 lamine
986 1471 1121 1552 fulgeas,
1193 1515 1200 1536 .

373 1577 452 1640 Clari
468 1579 630 1659 posteriora
643 1578 731 1642 Canis
745 1581 870 1655 vestigia
884 1580 996 1641 condit.

340 1762 403 1837 Hie
415 1761 582 1836 nonnulla
594 1773 757 1835 notentur
772 1785 953 1860 perperam
970 1763 1117 1834 iteratae

347 1889 584 1959 «Conversam
599 1912 669 1984 prae
682 1912 719 1959 se
734 1899 895 1985 portans,
916 1899 982 1962 oto.
996 1931 1044 1942 -
1055 1885 1123 1958 Sed
1139 1908 1313 1958 converse

291 2021 383 2083 retro
399 2021 526 2108 portet,
545 2022 611 2084 eto.
632 2053 679 2065 —
702 2013 741 2083 ln
754 2011 828 2106 alto
840 2011 992 2109 pondere
1007 2033 1150 2107 proras;
1167 2051 1216 2062 -
1226 2031 1313 2080 ma-

291 2160 359 2233 gno
381 2161 461 2208 oum
477 2136 628 2232 pondere
648 2147 779 2220 nauta,
797 2131 865 2218 etc.
883 2135 1041 2210 -Clara
1055 2133 1216 2220 videtur,
1238 2144 1310 2206 ete.

292 2303 340 2314 —
358 2260 449 2332 Clari
465 2260 677 2366 posteriora,
700 2271 793 2332 eto.»

340 2382 470 2455 Addita
486 2382 671 2479 quedem:
735 2417 738 2430 ·

345 2532 361 2571 a
388 2505 559 2600 Neptunia
576 2516 677 2602 prata
702 2516 877 2590 secantes,
900 2514 966 2576 oto.
991 2547 1039 2561 --
1067 2506 1227 2602 Dispersa
1248 2503 1314 2576 lu-

292 2629 385 2700 mine
400 2627 550 2726 fulgens.
570 2657 586 2696 p

338 2754 415 2826 Alia
432 2754 573 2849 quidem
590 2754 809 2849 impeditiora
827 2777 933 2850 quam
950 2755 987 2826 in
1008 2779 1139 2853 graeco,
1161 2751 1315 2850 exempli

292 2881 403 2978 gretia
420 2903 428 2948 :

373 3063 440 3126 Non
454 3063 520 3134 alie
534 3065 673 3134 essesut
691 3063 723 3124 in
738 3063 815 3138 alto,
838 3067 896 3126 etc,

342 3247 406 3332 At,
426 3249 456 3318 si
472 3247 572 3345 graeei
587 3246 679 3318 flexa
706 3245 945 3342 versatilisque
961 3245 1122 3318 mollities
1142 3245 1179 3314 in
1203 3265 1315 3340 supra

292 3373 440 3447 laudatis
460 3374 668 3470 requiratur,
693 3371 932 3474 reputantibus
951 3383 1067 3444 tamen
1085 3394 1191 3479 quam
1209 3370 1312 3465 poesi

294 3496 502 3573 adhuerudi
519 3497 564 3567 sit
588 3497 735 3570 arduum
761 3497 825 3570 hos
842 3499 939 3570 navis
957 3508 1072 3578 motus
1090 3497 1308 3592 exprimere,

293 3625 456 3722 pleraque
478 3621 621 3695 feliciter
646 3634 680 3694 et
704 3647 863 3720 expresse
880 3647 1045 3696 conversa
1070 3621 1169 3694 nohis
1186 3621 1311 3692 111irari

295 3749 399 3834 libet,
419 3748 491 3822 haeo
507 3749 545 3832 ip
563 3746 682 3842 primis
700 3773 709 3817 :

416 3941 456 4002 At
471 3940 558 4003 Canis
576 3941 613 4002 ad
629 3940 756 4002 caudam
773 3959 894 4022 serpens
911 3941 1085 4021 praelabitur
1103 3942 1199 4018 Argo;

332 4123 367 4196 (t)
387 4122 488 4194 Vulgo:
499 4120 633 4194 pondere3
646 4119 758 4179 Orellius
769 4141 776 4176 :
789 4139 898 4194 ponere.
