2866 4866
509 337 686 398 -107-

89 466 388 556 adscriberemus,
407 465 579 542 cdnobus
596 468 743 542 altcmm
759 469 1031 544 arbitraremurt
1047 471 1102 544 vei

88 593 205 664 Attius
219 594 430 664 Prcouedcuin
440 594 629 690 quemdam
643 595 809 670 {emnium
821 596 978 682 excudit,
1000 610 1114 692 quem

90 719 238 791 strictim
249 720 365 793 Cicero
379 733 561 807 memorat,
577 721 632 794 vel
648 723 746 796 illum
760 726 907 810 solutum,
920 725 975 796 cui
989 725 1105 796 Cicero

91 843 292 942 diligcntius
309 845 468 918 attendit.

141 970 187 1044 Ut
214 967 300 1041 illud
326 957 477 1066 primum
503 970 602 1044 nobis
627 971 781 1068 placcat,
808 973 987 1068 premissa
1009 971 1108 1069 freg-

86 1105 211 1175 ¹mento
230 1095 400 1167 Ciceronis
417 1095 523 1168 verba
538 1097 694 1169 nonnihil
708 1097 880 1183 efficiunt,
896 1121 973 1193 quae
988 1121 1109 1170 rursus

92 1218 247 1314 proferre
260 1219 361 1291 liceat
379 1245 387 1292 :
407 1221 559 1292 «Veniat
571 1221 760 1314 AEschylos,
776 1247 846 1294 non
860 1234 963 1318 poeta
976 1207 1108 1308 solum,

94 1342 158 1415 sed
190 1345 294 1415 etiam
321 1341 566 1442 Pythagoreus.
597 1345 654 1417 Sic
678 1345 771 1417 enim
797 1347 1002 1443 accepimus.
1035 1346 1111 1430 Quo

94 1467 201 1541 modo
216 1469 283 1540 fera
295 1469 383 1562 opud
398 1494 465 1540 cum
481 1470 704 1544 Prometheus
722 1470 895 1557 dolorem,
910 1495 1014 1568 quem
1026 1470 1114 1542 exci-

34 1671 37 1680 ,
95 1593 150 1689 pit
165 1591 209 1666 ob
225 1593 355 1666 surium
374 1592 569 1666 Iomnium?

342 1791 428 1854 Unde
442 1795 518 1866 ignis
537 1793 629 1867 cluet,
647 1798 707 1854 etc.

424 2023 586 2085 poenssque
599 2005 666 2068 Jovi
795 2071 798 2080 ,

342 2113 417 2175 Fato
431 2115 603 2195 expendisse
620 2133 772 2195 supremo.

58 2373 60 2380 -
99 2325 171 2396 Has
192 2323 297 2421 igitur
322 2349 443 2421 poenas
461 2323 646 2422 'pendens,
681 2325 803 2398 affixus
833 2323 878 2398 ad
906 2326 1115 2414 Caucasum,

99 2448 174 2522 haec
192 2439 302 2520 dieit':

480 2571 486 2604 r

350 2665 368 2706 ι(
386 2601 520 2747 Τίῑεὶῆηι
536 2643 668 2716 soboles,
684 2646 771 2702 ebo.»

150 2825 265 2898 Verba
278 2823 405 2922 quihus
421 2824 549 2896 lineam
571 2823 820 2908 subduximus,
842 2831 960 2894 nostro
977 2818 1118 2918 quidem

98 2951 250 3052 judicio,
268 2949 360 3046 quod
373 2949 562 3047 approbare
577 2971 681 3046 supra
694 2971 871 3033 conamur,
883 2972 904 3020 e
918 2967 1027 3046 graeco
1039 2969 1120 3018 con-

101 3097 242 3148 versum
267 3097 289 3145 a
310 3075 473 3146 Cicerone
497 3073 612 3146 locum
635 3072 886 3146 demonstrant.
911 3074 991 3144 uae
1011 3093 1117 3143 vero:

109 3228 124 3268 c
139 3202 250 3285 Quem
267 3199 390 3296 excipit
406 3198 450 3271 ob
468 3199 600 3271 furtum
619 3197 786 3270 lemnium
812 3223 822 3270 z

347 3392 432 3455 Unde
446 3395 522 3467 ignis
539 3393 636 3466 cluet,
654 3397 714 3453 etc.
731 3411 749 3450 u

103 3579 272 3653 lemnium
296 3578 482 3676 quemdem
504 3579 589 3650 Atui
607 3579 752 3652 fortasse
776 3579 1007 3661 Prometheum,
1028 3576 1119 3674 ignis

103 3716 291 3803 raptorem,
304 3707 458 3778 cretione
468 3705 658 3802 prasertim
669 3702 874 3801 significant.
889 3702 934 3772 At
944 3701 1117 3796 proxima:

110 3833 212 3902 «Has
234 3831 338 3928 igitur
354 3852 476 3926 poenas
496 3829 671 3927 pendens,
694 3829 817 3900 affixus
840 3825 885 3899 ad
904 3828 1116 3914 Caucasum,

104 3956 179 4028 haec
205 3935 310 4042 dicit,
333 3983 350 4024 s
380 3978 503 4028 rursus
518 3956 563 4029 od
591 3954 937 4052 priorem‘pertinerc
959 3964 1117 4049 possunt.

105 4077 207 4152 Unde
221 4079 310 4152 duos
330 4081 518 4150 Pruuudcos
530 4077 700 4174 suspicari
709 4077 806 4161 libet,
824 4095 912 4173 quos
923 4077 1055 4150 Nonius
1068 4075 1120 4147 ito
