2836 4880
716 390 755 404 ..
777 358 817 418 50
837 391 878 404 ..

290 492 404 567 verbis
434 503 586 575 utamur,
623 492 763 566 omuino
798 489 1017 588 deperditum
1047 491 1173 574 tuisse,
1202 503 1264 564 aut
1298 515 1322 562 e

291 619 405 694 modio
431 617 607 690 sublatum
634 641 656 694 a
683 629 806 714 poeta,
836 617 1012 689 moestiore
1028 615 1168 712 quidem
1191 619 1319 689 animo

288 743 443 818 ferimus.
460 743 625 826 Quamvis
639 742 733 814 cuim
745 765 963 840 repugnans,
980 741 1154 814 confectus
1169 741 1263 814 curis
1276 753 1320 814 ct

288 865 483 962 reipublicae
500 877 657 962 tempora
674 867 864 952 miserans,
884 865 970 938 illud
995 865 1171 938 adoriatur
1196 891 1316 964 opus,
1388 883 1393 894 ·
1413 885 1415 900 ·

288 993 504 1100 insignijam
526 1003 561 1063 et
579 991 690 1064 alieno
707 993 838 1088 potitur
857 1002 1074 1090 argumento.
1096 993 1208 1076 Quem
1225 1015 1317 1065 vero
1413 975 1415 1016 ¹

288 1115 535 1190 celebrandum
553 1115 660 1188 heroe
685 1114 816 1188 sumit?
835 1118 1017 1188 Cesarem.
1040 1117 1119 1212 Ipsa
1137 1117 1315 1199 materia,
1414 1127 1415 1186 3

289 1237 435 1338 'simplex
451 1252 486 1312 et
502 1264 592 1325 una,
610 1242 737 1312 summi
755 1241 974 1337 imperatoris
990 1241 1026 1311 in
1042 1241 1226 1312 Britannos
1244 1263 1315 1318 en-

288 1365 462 1463 peditione
483 1363 786 1436 circumscribitur.
814 1365 905 1448 Quin
924 1365 994 1436 imo
1018 1374 1122 1459 poeta
1141 1367 1313 1461 propositi

289 1493 440 1564 novitate
456 1501 491 1562 et
503 1488 758 1586 magnificentia
773 1499 931 1560 movetur
944 1499 979 1560 et
995 1487 1161 1561 exardet:
1182 1489 1313 1574 «Quos
1414 1461 1415 1472 ἵ

287 1627 327 1688 tu
343 1617 453 1699 situs,
472 1613 660 1697 exclamat,
679 1636 766 1708 quas
783 1623 925 1684 naturas
942 1637 1060 1684 rerum
1078 1613 1308 1699 ottocarum,

289 1762 534 1836 quosmores,
555 1761 641 1834 quas
660 1748 799 1835 gentes,
821 1761 907 1834 quas
925 1761 1082 1836 pugnas,
1103 1762 1208 1834 quem
1226 1763 1311 1812 vero
1414 1757 1415 1778 ¹

288 1865 405 1960 ipsum
421 1865 664 1960 imperatorem
682 1859 813 1934 habes!
836 1890 852 1929 r

336 1988 505 2061 Carminis
524 1986 581 2058 hic
599 1984 808 2058 lineamenta
827 1996 862 2056 et
880 2008 988 2081 prope
1005 1985 1188 2058 consilium
1205 1997 1310 2083 pate-
1414 2061 1415 2064 ,

287 2112 388 2184 fiunt.
421 2111 476 2184 Ad
505 2112 640 2208 ignotas
669 2111 827 2207 regiones
858 2109 978 2182 classis
1008 2111 1177 2182 instructa
1205 2108 1309 2206 profi·

288 2239 447 2326 cicuitum
482 2235 562 2306 novi
592 2234 873 2330 formidolosique
905 2235 1012 2306 maris
1044 2234 1309 2332 tempestatibus
1414 2311 1415 2316 ,

289 2371 475 2456 quassata,
504 2382 602 2430 oram
638 2358 682 2430 ab
720 2359 912 2432 innumeris
937 2359 1094 2433 barbaris
1129 2361 1308 2434 obsessam

289 2484 441 2582 appellit.
461 2483 597 2580 Anceps
621 2483 681 2561 diu
709 2483 871 2580 proeiium
894 2487 1107 2572 conseritur3
1125 2497 1308 2558 cruentum

287 2607 383 2680 littus
407 2609 595 2704 imperator
627 2605 782 2691 invadit,
810 2617 845 2680 et
865 2631 933 2704 pan
960 2631 1104 2682 romana
1132 2609 1317 2686 Britannis.

287 2733 456 2806 imminet.
476 2733 564 2804 Illud
581 2757 705 2828 poema
717 2732 859 2828 quidem
875 2734 912 2804 iu
925 2733 1180 2804 commentariis
1195 2734 1307 2806 Caesar
1414 2771 1415 2774 ¹

288 2859 509 2955 imperatoria
525 2855 693 2927 brevitate
711 2856 877 2930 condidit.
899 2858 1039 2930 Utinam
1056 2868 1174 2930 tamen
1190 2859 1305 2930 Cicero
1414 2849 1415 2868 ³

289 3005 427 3080 quoque
444 3005 546 3054 suum
563 3005 645 3077 epos
661 2992 696 3053 et
712 2983 766 3054 sui
788 2983 917 3080 ingenii
934 2983 1084 3078 poeticas
1100 2982 1220 3058 laudes
1236 3006 1306 3056 cer-

289 3109 376 3180 tiore
390 3107 507 3179 forsan
524 3107 720 3179 testimonio
735 3108 882 3202 posteris
901 3105 1120 3180 tradidisset!

339 3231 455 3314 Quum
475 3255 556 3304 vero
579 3231 678 3306 nobis
700 3231 949 3304 estimantibus
973 3243 1046 3306 tota
1065 3257 1172 3330 prope
1191 3256 1246 3306 res
1268 3235 1306 3308 in

291 3357 443 3430 carmine
460 3359 508 3427 Dc
530 3361 691 3428 cumulata
709 3381 801 3430 nunc
824 3357 891 3429 sita
908 3359 972 3442 sit,
995 3383 1080 3432 num
1100 3361 1185 3456 ipsi,
1212 3359 1303 3458 quod

292 3482 335 3554 de
351 3479 584 3578 superioribus
597 3483 707 3577 postis
721 3482 837 3555 Cicero
851 3479 956 3568 dixit,
972 3482 1016 3557 de
1030 3485 1191 3558 Cicerone
1204 3497 1305 3584 pocta
1414 3521 1415 3550 t

292 3629 477 3701 possumus
488 3605 593 3676 etiam
604 3603 1033 3690 asserere‘iNum‚rerbis
1045 3606 1300 3693 deficientibus,
1414 3597 1415 3672 ³

290 3730 325 3800 vi
342 3729 464 3804 saltem
485 3727 668 3804 excelluit?
685 3730 740 3804 Ad
758 3753 880 3803 rerum
897 3731 1069 3814 contraria
1084 3733 1226 3829 propius
1243 3757 1303 3806 ae-

292 3852 464 3960 cederent.
483 3852 640 3928 Vidimus
659 3854 751 3926 eninr
769 3877 839 3950 qua
853 3852 1039 3926 vorborum
1054 3853 1220 3940 audacia,
1237 3881 1303 3952 quo
1414 3901 1415 3914 .

292 3977 496 4075 splendore,
527 4001 597 4075 qua
623 4000 872 4073 nonnunquam
900 3975 1069 4074 elegantia
1096 3978 1229 4052 nobiles
1256 3979 1302 4052 illi
1413 3981 1415 4006 ¹

294 4108 426 4178 Grecos
455 4103 615 4192 aemulati*
632 4101 772 4174 fuerint.
806 4105 844 4172 ln
873 4124 991 4201 eorum
1020 4103 1124 4175 ctiam
1151 4103 1302 4201 reliquiis
1414 4161 1415 4196 ἶ
