2836 4880
701 372 862 430 ..52-

276 514 348 576 tota
363 505 418 580 ,vix
434 514 515 574 retas
543 501 587 574 ad
606 501 752 600 gradum
777 527 846 599 quo
875 505 1007 585 steterit
1030 484 1296 600 assequendum

274 631 357 700 satis
372 629 477 700 fuisse
494 625 663 699 videatur.

323 755 437 838 Quum
467 777 587 826 versus
618 755 810 850 praesertim
838 752 1014 837 heroicos,
1046 777 1150 850 super
1181 754 1293 826 aliam

273 878 480 978 rubiginem,
501 880 558 950 ita.
569 878 699 950 solutos
716 889 751 950 et
763 877 926 950 informes
939 880 1147 963 invenisset,
1165 890 1205 951 ut
1217 881 1293 952 En-

272 1005 339 1089 nii,
358 1003 488 1076 nedum
514 1001 634 1074 Lucilii
659 1003 790 1099 possis,
811 1004 886 1074 sine
899 1002 975 1101 lege
991 1015 1098 1088 certa,
1121 1003 1196 1076 sine
1212 1029 1292 1078 nu-

271 1130 377 1202 meris
402 1139 437 1200 et
470 1127 583 1200 modis
610 1151 732 1223 aspera
763 1139 964 1225 vagaretur,
993 1127 1187 1226 Virgilianae
1208 1136 1289 1228 jam

271 1259 356 1328 artis
374 1255 554 1353 prescius,
576 1254 787 1326 luxuriantes
807 1266 841 1326 et
858 1255 1006 1328 effrenos
1028 1257 1198 1342 coercuit,
1221 1282 1288 1329 or-

272 1379 352 1454 dina
368 1381 520 1478 legitimo
534 1381 745 1476 composuit,
768 1390 802 1451 et
817 1378 998 1476 disciplina
1006 1381 1206 1454 concinnius
1224 1382 1289 1456 ad-

271 1507 420 1578 strinxit.
442 1504 538 1576 Alter
551 1503 732 1589 illelabor,
754 1529 823 1600 quo
835 1503 1020 1578 conditoris
1039 1505 1144 1576 etiam
1160 1529 1286 1603 cogno-

269 1655 350 1703 men
362 1629 536 1703 vindicare
551 1631 732 1726 potuisset,
751 1629 909 1702 stlocum
924 1631 1015 1702 inter
1026 1642 1146 1726 poetas
1156 1630 1284 1704 latinas

268 1781 339 1829 non
357 1755 442 1829 adeo
461 1755 584 1854 gradui
602 1753 828 1839 dissimilem,
847 1779 915 1850 quo
926 1765 1062 1827 nostros
1080 1757 1172 1828 inter
1189 1755 1284 1830 Mal-

265 1883 372 1956 herbc
390 1883 537 1979 potitur,
557 1881 630 1954 haec
659 1883 749 1952 circa
779 1881 906 1976 pedes,
930 1893 1064 1967 metra,
1097 1882 1220 1956 modos
1248 1895 1306 1955 ct¹

266 2032 390 2081 vocum
417 2005 635 2080 concordiam
654 2007 757 2077 annia
776 2013 851 2104 jam
882 2005 1088 2092 sollicitudo,
1112 2007 1283 2106 judicium

265 2134 402 2230 ingenio
419 2132 615 2227 proximum
623 2131 777 2202 Ciceroni
795 2130 978 2226 contigisse
987 2128 1152 2202 declarat.
1166 2133 1306 2215 Quum*

266 2259 372 2354 igitur
400 2254 586 2326 fecundum
603 2253 702 2324 illum
721 2253 895 2338 laborem,
915 2253 1192 2352 industriamque
1216 2281 1284 2328 cu-

267 2403 343 2451 ram
351 2379 544 2462 intuemur,
564 2375 802 2448 multominus
820 2377 972 2474 spatium
989 2378 1081 2450 inter
1099 2381 1283 2478 Virgilium

268 2514 302 2575 ct
314 2503 530 2587 Ciceronem,
550 2523 656 2598 quam
674 2501 765 2572 inter
781 2501 978 2572 Ciceronem
997 2512 1031 2574 et
1046 2504 1197 2576 Ennium
1215 2529 1284 2576 ex-

269 2629 396 2700 stitisse
412 2627 628 2699 confitemur.
653 2624 743 2710 Quid
766 2627 859 2696 enirn
876 2625 990 2698 adhuc
1007 2626 1196 2700 desiderari
1213 2654 1284 2726 po-

269 2764 355 2838 test,
376 2763 501 2824 utnon
519 2753 688 2847 imparem
704 2751 837 2846 poesim
854 2761 996 2821 nactum
1013 2752 1057 2822 sit
1072 2750 1180 2848 epos?
1196 2751 1267 2824 Mol
1310 2724 1319 2852 l

269 2879 360 2951 lities
381 2875 558 2972 quadam,
577 2881 688 2972 major
703 2873 886 2946 modorum
901 2875 1070 2961 varietas,
1094 2877 1283 2950 accuratior
1307 2855 1317 2940 l

271 3000 565 3075 ctiamverborum
574 2999 726 3072 delectus
736 3011 771 3071 et
780 3000 1281 3101 adstrictiorusus.Quomagis

247 3133 249 3138 ’
271 3151 327 3199 me
343 3126 474 3223 Virgilii
495 3127 605 3224 piget,
626 3148 690 3196 nec
711 3125 860 3196 multum
884 3125 1002 3211 abest,
1023 3127 1105 3222 quin
1124 3151 1204 3199 curn
1221 3130 1282 3200 in-

270 3253 360 3352 grati
380 3251 486 3322 animi
509 3251 651 3323 crimine
668 3273 869 3346 persequar,
891 3260 1011 3346 utpote
1029 3253 1110 3348 qui,
1132 3255 1280 3326 auctoris

270 3375 508 3478 hujuscemodi
524 3375 708 3448 virtutibus
726 3386 760 3445 et
776 3375 860 3470 ipsis
875 3377 966 3448 vitiis
986 3377 1127 3450 edoctus
1141 3389 1176 3451 et
1188 3404 1282 3476 prae-
1310 3467 1315 3476 ἢ

271 3501 442 3584 monitus,
472 3521 540 3570 non
557 3523 690 3594 aequam
715 3497 808 3568 illius
825 3500 957 3570 meritis
984 3502 1130 3598 gratiam
1153 3527 1282 3600 repen-

272 3627 374 3699 derit.

320 3751 492 3819 Hactenus
518 3743 561 3816 de
584 3748 722 3842 propria
747 3747 918 3820 Ciceronis
942 3724 1050 3843 poesi,
1079 3751 1169 3822 Satis
1188 3751 1281 3822 enim

272 3867 462 3944 ostendisse
473 3867 572 3940 nohis
589 3865 765 3953 videmur,
787 3871 865 3968 quis
882 3868 1010 3942 heroici
1026 3874 1189 3945 carminis
1203 3897 1268 3946 auc

271 4010 326 4070 tor
344 3995 523 4078 exstiterit,
542 4017 650 4090 quum
670 4017 732 4066 suc
750 3994 1019 4066 tantumalilatu
1041 3995 1172 4082 fidens,
1193 3997 1282 4070 viri-

259 4123 336 4194 bus
350 4125 516 4216 majorem
526 4129 560 4189 et
570 4119 707 4216 ingenio
718 4119 832 4190 minus
845 4129 1090 4216 congruentem
1099 4123 1280 4194 materiam
